2714 4770
372 316 402 359 ⁸
451 348 637 417 nummu
658 356 711 416 m
731 356 907 417 osuunu.
1146 358 1198 417 ιω

155 513 257 580 veluti
278 514 439 614 magicam
461 516 627 583 tabernam
650 518 822 584 ostentans.
859 516 911 581 Ac
926 514 1081 604 primum,
1095 537 1200 581 veram
1340 535 1341 538 ’

153 629 191 681 ct
212 615 377 705 antiquam
398 619 628 708 AEgyptiorum
652 619 798 708 linguam
820 619 851 683 se
870 641 911 683 ex
932 618 1072 684 tenebris
1094 617 1128 682 in
1149 617 1201 683 lu·

154 740 229 783 cem
251 720 400 785 emittere
421 721 575 807 profess'us
595 723 639 786 est
655 721 744 787 edito
765 721 927 786 Prodromo
949 721 1038 807 Copto
1046 721 1117 805 five
1134 721 1201 786 AE·

151 821 312 908 gyptiaco,
329 822 441 888 Romae
459 824 554 908 1636.
567 842 601 905 4.
620 838 654 889 et
669 822 811 910 ejusdem
832 822 953 910 linguae
976 822 1124 909 Copticae
1145 825 1202 887 ln·

156 921 376 988 stitutionibus
405 937 440 990 et
466 925 733 1004 Nomenclatore,
762 924 827 989 alio
855 922 1018 990 volumine
1048 922 1202 1010 inscripto

154 1024 282 1112 Lingua
294 1026 486 1115 AEgyptiaea
499 1026 646 1113 restituta,
662 1029 774 1093 Romae
792 1029 887 1109 1644.
902 1047 936 1110 4.
966 1025 1118 1113 Denique
1128 1047 1202 1089 om·
1231 1011 1235 1017 ¹

156 1149 232 1192 nem
266 1129 496 1216 AEgyptiorum
531 1128 725 1208 doctrinam,
757 1129 1000 1222 antiquitatem,
1028 1128 1203 1207 historiam,

154 1229 302 1294 tractavit
323 1230 356 1295 in
377 1231 492 1320 OEdipo
505 1231 705 1320 AEgyptr'aeo,
721 1231 825 1297 tribus
838 1225 949 1297 Tomis
968 1231 1082 1296 fonnae
1097 1230 1202 1295 maxi·

154 1352 231 1408 mae,
253 1330 349 1396 editis
375 1334 487 1398 Romae
511 1336 607 1418 1652.
651 1336 694 1399 Et
714 1333 860 1421 profedo
883 1333 938 1398 sua
960 1333 1088 1420 utrique
1112 1334 1203 1419 operi

154 1431 293 1498 debetur
313 1433 402 1515 laum
433 1435 533 1501 modo
558 1458 657 1500 exea
680 1434 926 1501 ostentationem
950 1447 985 1500 et
1007 1434 1202 1524 hyperbolae

157 1536 302 1603 Kimheri
328 1539 639 1605 circumscribamus.
682 1541 772 1604 Num
800 1538 895 1604 etin
923 1537 1051 1624 OEdipo
1081 1538 1202 1604 multae

153 1654 263 1726 parter
285 1641 332 1707 ita
352 1641 517 1709 inchoavit
531 1656 569 1709 ut
581 1641 654 1707 aliis
668 1641 752 1707 viam
771 1640 813 1707 ad
835 1640 1036 1729 pergendum
1050 1640 1201 1728 aperiret,

155 1743 296 1810 maxime
321 1743 522 1832 apponendis
549 1743 747 1831 imaginibus
772 1764 908 1831 operum
933 1743 1011 1809 artis
1039 1743 1138 1830 iisque
1167 1756 1202 1809 et

154 1843 252 1932 lignis
273 1844 540 1935 hieroglyphicis,
555 1845 674 1933 quibus
688 1844 744 1910 illa
756 1865 856 1933 opera
869 1858 982 1911 notata
995 1845 1082 1924 sunt,
1096 1844 1201 1933 expli-

151 1945 278 2026 candis,
299 1946 398 2013 veluti
419 1947 543 2012 Mensae
564 1946 683 2026 lfiacae,
697 1945 934 2027 obeliscorum,
948 1967 1121 2033 corporum
1137 1945 1201 2011 hu·
1311 2023 1313 2026 ¹

153 2069 324 2112 manorum
354 2046 538 2113 condiendo
565 2048 773 2128 servatorum,
795 2068 877 2135 quaa
903 2045 1048 2113 Mumiat
1072 2046 1212 2126 dicunt,

154 2150 380 2238 Canoporum,
395 2151 638 2232 Amuletorum,
654 2153 892 2231 Luccmarum3
913 2172 1110 2238 quamquam
1125 2151 1200 2216 sub-

154 2253 231 2319 inde
254 2253 376 2342 legenti
404 2254 439 2320 in
465 2268 609 2321 mentem
633 2254 740 2319 veniat
766 2253 860 2334 illud,
882 2253 1022 2342 Pergula
1042 2253 1199 2344 pidomm,

151 2356 219 2420 ueri
233 2356 322 2437 nibil,
337 2355 532 2444 omniafitta.
577 2357 706 2444 Lingua
716 2369 826 2423 autem
843 2357 975 2445 Coptica,
992 2356 1051 2422 five
1064 2358 1105 2422 ab
1119 2358 1201 2423 urbe

154 2459 256 2548 Copto,
277 2459 337 2526 five
358 2460 489 2526 aliunde
511 2481 630 2526 nomen
657 2459 769 2540 habet,
791 2458 1115 2525 est‘Christianorum
1140 2460 1200 2523 AE·

151 2561 354 2650 gyptiorum,
369 2562 427 2649 qui
448 2562 480 2628 se
501 2561 560 2627 sub
572 2560 748 2627 'Saracenis
762 2574 796 2627 et
808 2560 923 2626 Turcis
941 2560 983 2626 ad
1002 2560 1091 2626 hunc
1111 2561 1198 2627 diem

152 2685 240 2752 aegre
261 2663 360 2728 tutati
383 2664 468 2744 sunt,
490 2662 543 2728 sod
563 2663 636 2749 ipfie
654 2663 706 2727 his
726 2661 912 2728 Christianis
926 2662 996 2750 jam
1015 2662 1081 2727 fere
1102 2661 1198 2751 iguo·

151 2779 202 2831 ta:
226 2765 321 2853 cujus
343 2765 465 2853 linguae
491 2764 564 2831 libri
587 2765 798 2830 continentur
819 2766 917 2830 Sacro
939 2763 1054 2830 codice
1071 2756 1200 2830 Veteris
1342 2831 1344 2835 ,

151 2881 186 2933 et
204 2867 291 2932 Novi
306 2865 512 2946 Testamenti,
527 2880 563 2930 ct
575 2865 645 2930 aliis
660 2865 882 2931 Ecclefiasticia
897 2887 1036 2952 quorum
1051 2867 1200 2952 exempla

152 2972 266 3035 Romae
293 2968 414 3033 servata
436 2966 611 3032 Kircherus
630 2979 840 3055 cognoverat.
886 2966 979 3032 Cedo
1002 2989 1075 3034 vem
1094 2982 1200 3034 mate·

150 3071 232 3137 riam
254 3082 288 3136 et
311 3071 448 3136 formam
471 3069 621 3158 Linguae.
667 3073 783 3136 Forma
804 3069 967 3158 scriptume
987 3083 1021 3135 et
1038 3070 1200 3138 elementa

150 3175 334 3254 literarum,
357 3174 430 3239 sunt
451 3175 586 3239 Graecat
610 3171 746 3238 materia
765 3171 857 3252 item,
883 3172 917 3237 id
943 3172 988 3238 cst
1014 3174 1146 3240 nomina
1165 3191 1200 3242 et

150 3277 256 3358 verba,
278 3298 432 3365 magnam
455 3289 581 3364 partem
607 3277 743 3342 Graeca:
770 3291 886 3341 coetera
910 3289 968 3341 aut
988 3276 1137 3342 Arabicis
1159 3300 1198 3345 ac

151 3379 323 3445 Phoeniciis
344 3379 467 3461 similia,
489 3391 549 3446 aut
570 3379 689 3444 nullius
707 3379 849 3467 cognitae
867 3379 1061 3468 servataeque
1076 3381 1197 3469 lingum

152 3480 316 3547 vocabulis
329 3481 555 3568 congruentia,
567 3481 641 3568 quia
656 3503 715 3568 pro
728 3493 820 3547 certo
830 3481 968 3547 affirmet
979 3505 1051 3548 vera
1065 3498 1099 3549 et
1112 3482 1198 3548 anti·

150 3605 216 3672 qua
240 3583 438 3672 AEgyptiaca
459 3585 542 3649 ellel
566 3584 774 3672 Quamquam
797 3597 870 3650 tota
891 3584 962 3651 haec
982 3584 1103 3672 lingum
1126 3607 1197 3650 ma·

150 3685 244 3765 teria,
267 3685 376 3772 prouti
395 3709 482 3752 nunc
505 3686 538 3751 in
561 3686 710 3774 Copticis
735 3678 826 3752 libris
848 3686 962 3767 fertur,
984 3686 1031 3752 ita
1048 3702 1140 3751 vetus
1165 3702 1200 3753 et

151 3809 225 3853 vera
237 3784 435 3875 AEgyptiaca
445 3786 612 3853 videbatur
626 3786 794 3868 Kirchero,
810 3801 847 3853 ut
863 3811 929 3854 non
941 3787 1105 3853 dubitaret
1119 3788 1197 3876 quiu

152 3889 350 3978 AEgyptiaca
363 3891 513 3955 Graecam
529 3889 676 3978 linguam
697 3889 729 3955 in
749 3891 909 3974 Graeciam
925 3902 1091 3977 tamquam
1106 3892 1197 3958 colo·

152 3992 240 4057 niam
262 3991 460 4058 deduxifl'ett
483 4015 554 4080 qua
570 3991 667 4080 pestere
677 3993 789 4080 senſsm
810 3992 942 4073 cerialta,
958 3993 1044 4058 breui
1062 3993 1198 4083 ingentia

151 4093 448 4182 incrementasecerit
456 4122 470 4174 ,·
486 4095 559 4160 adeo
573 4093 681 4183 etipse
695 4119 748 4164 rex
761 4096 1006 4183 Psammetichus,
1023 4097 1089 4181 teste
1105 4097 1200 4163 Herc·

150 4197 230 4276 doto,
253 4222 269 4261 e
292 4197 412 4263 Graecr'a
433 4197 551 4287 lingue
571 4197 732 4285 peritiores,
751 4198 804 4287 qui
813 4197 963 4287 subjectos
977 4198 1098 4287 populos
1107 4201 1197 4289 puri-

148 4311 239 4364 tatem
260 4300 323 4385 ejus
343 4301 462 4390 linguae
482 4303 628 4380 docerent,
649 4300 683 4365 in
699 4301 876 4390 AEgyptum
898 4301 1109 4390 arcefflvere'nt.
1131 4303 1197 4370 vid.

198 4423 285 4468 vor„
303 4424 377 4468 vn.
665 4424 693 4468 tr
