2714 4770
278 327 546 435 ouusmouus
566 368 769 430 nonanus.
789 389 817 450 p.
834 332 901 447 2s4.
914 370 1048 449 r-as5.
1063 370 1102 432 n.
1168 387 1209 451 49

173 527 329 618 petitum,
344 541 401 595 aut
421 526 500 596 illud
518 528 604 594 utin
623 539 728 594 vetere
741 550 831 596 more
852 529 987 617 pohtum
1004 529 1126 596 notavit
1138 529 1210 597 Jac.

176 631 411 698 Gotbofredus.
455 629 525 697 Post
550 630 719 697 meridiem
745 629 863 697 cauffas
888 625 988 698 dicias
1012 644 1146 720 apparet
1172 654 1212 699 ex

175 734 317 822 Epistola
331 732 498 799 Ciceronis
511 733 552 799 ad
566 734 610 822 Ω.
626 736 726 799 Pratr.
742 734 787 799 11.
805 736 860 800 16:
884 734 953 822 Ego
975 736 1067 799 eodem
1088 735 1137 800 die
1151 735 1213 826 post
1343 774 1345 780 ·

172 835 321 900 meridiem
337 833 486 899 Vatinium
503 836 625 899 mam
639 833 827 923 dasmsums:
850 835 905 900 ubi
926 835 1073 901 nonnihil
1094 836 1136 903 do
1156 838 1210 904 in·

174 935 356 1024 frequentia
368 935 466 1023 hujus
480 936 603 1024 negotii
618 950 730 1001 monet
745 934 780 1000 P.
796 936 979 1004 Manutius.

218 1038 292 1120 284.
310 1040 346 1103 P.
361 1036 428 1124 mc]
453 1039 561 1103 Locus
574 1036 725 1126 geminus
741 1037 904 1103 Plutarchi
918 1038 961 1103 est
975 1037 1009 1103 in
1025 1033 1164 1106 Romulo
1177 1061 1210 1129 p.

173 1142 228 1210 26.
244 1141 290 1207 D.
315 1161 369 1229 30.
382 1140 427 1206 Α.
526 1205 530 1221 p

218 1243 294 1326 284.
308 1245 345 1309 F.
359 1242 433 1328 152]
451 1234 538 1309 Hinc
554 1242 771 1323 Proverbium,
783 1243 890 1331 Mense
903 1242 1000 1308 mulas
1010 1243 1098 1310 Maio
1108 1246 1213 1311 nubae

172 1344 285 1434 vulgus
297 1346 353 1426 ait,
368 1343 456 1434 apud
465 1345 625 1411 'Ovidium
640 1346 718 1411 Past.
732 1347 776 1411 V.
790 1364 868 1432 491.
904 1345 1064 1412 Videatur
1079 1359 1113 1412 et
1127 1344 1211 1416 mis.

144 1472 154 1513 ⁸.
172 1446 281 1514 so'nius
294 1447 348 1512 De
361 1447 441 1513 Ritu
454 1449 559 1536 Nupt.
573 1469 607 1533 p.
624 1465 699 1536 292.
744 1447 838 1513 Ritus
855 1447 1020 1514 simulacra
1041 1448 1213 1514 hominum

172 1544 290 1618 mense
305 1549 398 1616 Maio
418 1549 460 1615 de
475 1563 573 1637 ponte
588 1549 621 1614 in
636 1550 757 1614 flumen
778 1548 961 1637 abjiciendi,
976 1542 1146 1637 suprafuit
1160 1573 1211 1616 ar·
1297 1595 1304 1604 -

169 1663 365 1743 gumentum
379 1650 583 1741 Qutellionis.
616 1650 669 1716 De
684 1650 860 1717 Flaminica
875 1650 1000 1729 Gellius
1014 1673 1054 1717 ex
1067 1652 1212 1719 Masurio

172 1753 293 1823 sabino
305 1754 349 1820 x.
365 1773 417 1841 15.
431 1748 509 1819 um
532 1751 675 1820 adhunc
691 1746 815 1819 morem
829 1753 970 1840 pertinet
986 1754 1119 1821 ovidius
1132 1754 1212 1821 aaa.
1322 1732 1352 1817 .‘

172 1857 219 1921 Π.
235 1871 275 1941 27
288 1854 386 1943 alffe
407 1878 458 1941 ego
478 1854 672 1919 Flanaticum
691 1855 847 1943 poscentem
857 1853 971 1940 februa
990 1855 1075 1920 vidi.-
1097 1856 1214 1920 Februa

166 1955 292 2046 poscenti
301 1956 391 2044 pinea
404 1950 491 2042 virgo
503 1958 577 2020 data
592 1954 640 2039 est.
673 1953 728 2019 Ad
744 1955 900 2019 menfium
913 1954 1147 2043 etymologiam
1161 1978 1213 2022 re·

174 2057 278 2121 fertur
298 2054 378 2121 illud
401 2056 481 2121 Festi
502 2055 535 2120 in
558 2049 671 2119 Maius¹
686 2054 889 2144 menſss-qua
907 2078 943 2120 ex
961 2053 1058 2141 caufflt
1074 2065 1171 2119 utrum
1190 2080 1213 2120 a
1274 2048 1276 2052 ¹

172 2158 339 2247 majoribus,
360 2169 396 2222 ut
414 2157 523 2223 Juniza
543 2157 740 2245 ajunioribus
758 2156 919 2243 ditiusfit:
941 2157 1215 2246 anaMaicquod

174 2255 400 2347 Merctort'ofilio
414 2257 475 2347 q'us
488 2256 1099 2347 rcs'divinoefiuntstalennes-Euripidis
1120 2259 1212 2325 locus

171 2355 269 2430 exstat
290 2361 388 2439 etiam
409 2361 444 2426 in
466 2360 588 2430 Stobaei
610 2360 695 2426 Flor.
719 2360 860 2428 CXVII.
877 2382 911 2448 p.
926 2380 1003 2447 592.
1033 2360 1128 2427 Grot.
1144 2362 1210 2427 Ex·

172 2454 276 2551 cerpt.
296 2464 375 2545 482.
398 2462 431 2528 in
453 2462 655 2552 Fragmentis
677 2484 717 2528 ex
735 2462 835 2528 AEolo
854 2461 974 2528 relatus
992 2484 1013 2527 a
1026 2461 1213 2551 Mnsgmvio

170 2568 212 2639 Τ.
234 2569 301 2635 ΙΙΙ.·
321 2589 354 2655 p.
376 2582 453 2656 541.
474 2567 613 2657 priorem
633 2566 715 2634 citat
736 2566 926 2634 Plutarchus
944 2566 1067 2632 Erotic'.
1084 2563 1210 2657 p.'786.

216 2791 257 2857 p.
267 2772 340 2857 285.
357 2770 397 2835 B.
412 2767 484 2856 egl]
509 2768 565 2834 Ad
580 2768 669 2834 hunc
683 2769 793 2835 locum
812 2767 948 2834 leuore's
958 2767 1073 2856 rejicit
1088 2768 1213 2838 Plutar-

173 2870 256 2938 chus
277 2871 310 2934 ln
334 2866 473 2939 Romulo
487 2893 521 2957 P·
538 2873 591 2938 26.
608 2873 656 2935 E:
681 2870 741 2933 istor
761 2871 789 2933 li
810 2869 928 2955 λε’γουσι
948 2871 996 2933 καὶ
1016 2871 1048 2933 ri
1066 2874 1114 2949 riv
1128 2869 1213 2955 alum

171 2978 221 3052 τῆς
242 2970 419 3059 γαμουμένης
437 2973 532 3058 alm
552 2970 734 3058 διακρίνεσθαι
756 2968 893 3056 δορατίου)
914 2969 1057 3053 σύμβολον
1078 2970 1145 3036 alm
1163 2977 1212 3036 τοῦ

171 3080 246 3160 μετὰ
259 3075 358 3161 μάχης
367 3075 416 3138 καὶ
428 3081 584 3159 complebt
597 3077 644 3139 riv
656 3083 760 3161 πρῶτόν
772 3072 866 3159 γάμον
876 3071 1014 3160 putatas·
1028 3073 1089 3161 περὶ
1100 3059 1136 3137 ola
1149 3078 1211 3139 irt-

171 3191 255 3242 πλεον
276 3181 302 3242 lv
322 3180 379 3252 τοῖς
400 3175 506 3253 Αἰτίοις
525 3175 680 3263 ιῖρῆκαμιν.
728 3177 816 3242 Curis
827 3172 880 3241 'vel
897 3172 1006 3241 culitis
1017 3174 1137 3241 hastam
1152 3176 1212 3242 Sa·

171 3277 256 3345 binis
286 3277 485 3343 nominatam
516 3276 589 3356 effe,
622 3277 756 3343 tradunt
785 3276 920 3343 Ovidius
949 3276 1028 3342 Pall.
1058 3276 1104 3345 11.
1133 3293 1211 3364 477.

172 3380 279 3446 Festus
293 3379 326 3444 in
339 3378 484 3444 Vocibus
502 3379 593 3444 Curis'
606 3393 640 3446 et
657 3378 893 3465 Celibari‘hasta.
938 3372 1125 3444 Macrobius
1141 3381 1210 3446 Sat.

173 3485 202 3549 l.
214 3505 247 3571 9.
270 3481 324 3547 De
336 3481 449 3547 Junone
462 3482 558 3548 cnaei
569 3483 676 3549 Festus
685 3483 710 3547 l.
722 3476 752 3548 c.
770 3481 942 3548 Brill'onius
953 3481 1006 3547 Dc
1016 3481 1093 3548 Ritu
1102 3481 1209 3572 Nupt.

173 3606 207 3672 p.
221 3586 298 3677 526.
337 3582 477 3669 Quirinus
494 3583 624 3652 Romuli
638 3589 820 3673 cognomen
833 3597 867 3649 et
881 3584 959 3648 Juno
974 3582 1084 3648 Curitis
1097 3581 1211 3648 eadem
1296 3624 1298 3629 .
1346 3632 1351 3640 .

173 3682 340 3750 notatione
354 3684 526 3771 exponitur
542 3686 715 3752 Plutarcho
730 3684 860 3752 Romul.
876 3706 910 3772 p.
924 3685 979 3771 36.
994 3686 1033 3749 B.
1067 3681 1212 3772 Lycurgi

173 3785 363 3851 institutum·
376 3786 487 3852 iisdem
509 3788 575 3854 fe're
596 3788 699 3855 verbis
721 3786 848 3854 iteravit
870 3785 1061 3852 Plutarchus
1079 3783 1112 3848 in
1133 3782 1214 3882 Ejus
1339 3830 1341 3835 -

173 3889 251 3955 Vita
264 3905 369 3976 p.·47.
384 3888 430 3953 D.
465 3889 520 3956 De
540 3890 604 3956 Esu
624 3887 778 3957 Carnium
802 3911 836 3978 p.
855 3904 930 3976 997.
947 3888 988 3954 C.
1026 3889 1211 3974 Fragment.
1327 3884 1329 3888 ’

173 3983 362 4057 comment.
377 3990 510 4057 Hefiod.
523 3994 568 4058 X.
587 4011 640 4074 24.
669 3991 840 4081 Apophtb.
857 3988 1011 4055 Laconic.
1026 4009 1061 4074 p.
1079 4005 1154 4073 227.
1169 3990 1210 4058 Β.

172 4090 345 4180 Apopbth.
361 4095 490 4182 Reg.et
500 4093 588 4159 Duc.
600 4114 634 4180 p.
650 4094 722 4182 189.
737 4095 775 4158 E.
787 4092 844 4159 ubi
855 4090 1004 4179 quaedam
1017 4090 1210 4186 notavimus.

218 4195 293 4278 285.
312 4194 357 4259 Ι).
375 4194 447 4283 anst]
475 4195 582 4262 Festus
603 4196 637 4261 in
659 4197 759 4268 Luear
779 4206 814 4261 et
835 4193 965 4261 Lucaria
975 4192 1080 4281 festa:
1102 4192 1213 4280 ibique

167 4293 241 4364 Joi.
256 4287 409 4384 scaliger.
954 4318 956 4327 ⁴
972 4344 977 4354 .

218 4416 307 4464 vor..
322 4418 394 4466 vu.
679 4419 706 4488 ,²
