2714 4770
152 318 155 330 '
289 333 345 392 ne
366 331 476 391 rsrne
497 331 552 391 nr
571 330 749 392 osrnrne
770 331 1085 411 p.351.r.-352.r.
1159 330 1214 407 1⁶7

165 490 304 578 phyrius
320 488 499 580 promiscue
514 492 596 557 dixit
611 493 664 556 De
684 490 809 556 Abstin.
827 491 873 555 ll.
888 504 951 576 52:
974 488 1093 578 spaurde
1110 492 1151 578 τῷ
1165 492 1216 579 ln}
1308 487 1312 493 ’

164 597 268 682 -ntpl
283 605 333 660 τοῦ
346 595 453 661 einrico
473 595 536 676 dioc
555 595 677 674 λήψεται
696 599 748 670 τὰς
768 589 914 673 inclinet.
931 595 992 660 IV·
1008 613 1063 663 20.
1078 617 1111 682 p.
1127 611 1189 681 371
1203 619 1213 661 ι

113 688 115 694 ⁴
164 701 214 776 την
229 699 341 762 αἰωνίαν
354 702 416 781 ἡμῖν
431 701 499 781 ζωὴν
512 695 636 783 συνέχει.
679 695 969 784 Saepcjunguntur
983 694 1069 761 vario
1083 698 1212 765 senten·

163 801 218 866 tiae
234 802 346 882 modo,
362 816 399 866 ut
413 802 474 880 βίος
488 802 536 865 nal
550 800 670 887 χιόνιςι
695 798 737 863 de
758 820 825 885 quo
846 797 923 862 alibi
945 797 1103 864 dicemus.
1147 798 1211 864 Di·

163 903 246 968 serte
259 904 358 968 etiarn
374 903 618 991 disjunguntur.
656 900 743 966 Talis
758 901 802 965 est
816 899 872 965 ille
886 898 1049 986 inscriptio
1064 900 1096 965 in
1112 901 1211 966 Simi-

164 1003 242 1083 lem,
265 1007 372 1073 citate
390 1006 542 1072 Salmefio
568 1004 609 1070 ad
635 1003 798 1091 Spartieni
823 1001 1026 1069 Hadrianum
1053 1004 1135 1091 Cap.
1158 1025 1210 1071 10.
1311 1003 1313 1009 ’

101 1115 103 1120 ’
163 1128 196 1194 Ρ.
211 1123 274 1192 77:
298 1109 415 1192 Σὶμιλις
429 1109 552 1172 ἐνταῦθα
575 1111 664 1171 κεῖται
685 1107 761 1187 βιοὺς
784 1105 835 1189 μὶν
849 1104 895 1182 ἔτη
915 1103 949 1184 ν’,
970 1105 1097 1187 ζῆηαςλξ
1112 1105 1157 1184 ᾗ,
1173 1105 1208 1189 g.

163 1232 301 1297 quorum
316 1212 510 1298 postremum
530 1209 663 1295 ultimos
685 1209 806 1295 septem
828 1229 931 1273 annos
952 1207 1109 1296 fignificat
1128 1231 1210 1296 quos

161 1311 195 1376 in
211 1334 290 1400 agro
304 1327 337 1379 et
355 1312 424 1378 otio
438 1312 527 1376 vixit
563 1310 655 1377 Philo
670 1310 748 1376 Jud
763 1310 817 1374 De
833 1308 1051 1397 Charitatep
1065 1325 1138 1394 701.
1152 1310 1206 1378 A:
1239 1366 1243 1375 ,
1321 1355 1325 1362 -

160 1415 231 1530 rigia
211 1441 263 1478 ατο
282 1442 355 1498 μετα
337 1408 500 1497 αβίιλλιιν
452 1442 521 1479 ινειι
535 1417 626 1493 θνητῆς
641 1418 693 1495 ζων
680 1441 745 1490 ηις
724 1411 827 1488 eldredi
808 1411 992 1491 ermundies.
1037 1413 1089 1478 De
1110 1416 1206 1479 Som-

161 1516 271 1602 niisp.
285 1538 379 1600 1114.
393 1519 446 1582 D.
438 1514 721 1604 apenninus-Cup
736 1514 952 1601 lidpridnrsprqr
919 1516 1099 1598 νννδὶτῦφιν.
1121 1517 1205 1582 Tum

159 1617 284 1705 ι’ίληχιν,
307 1619 395 1707 quod
418 1643 482 1685 non
505 1619 579 1684 satis
597 1617 725 1706 proprie
747 1631 781 1683 et
803 1616 996 1705 philosopha
1016 1617 1141 1684 ratione
1165 1617 1206 1685 de

159 1722 353 1808 sempiterno
374 1724 447 1788 Deo
469 1722 608 1801 dicitur,¹
611 1721 739 1809 sortetus
753 1719 790 1805 es
779 1720 944 1800 evidetur,
962 1719 1081 1786 fluxiffe
1097 1743 1136 1786 ex
1151 1720 1207 1788 ille

159 1822 320 1909 tripertita
341 1824 471 1889 universi
487 1823 652 1889 sortitione
666 1823 753 1910 apud
768 1824 952 1887 Homerum
970 1822 1061 1887 Iliad.
1075 1826 1116 1888 Ο.
1130 1823 1204 1911 189.

159 1926 192 1990 ln
209 1948 274 2012 qua
289 1928 358 2000 Zcri5
373 1926 457 2012 ἔλαχ’
472 1927 582 2011 οὐρανὸν
597 1928 672 2012 stipis
687 1931 713 1989 ἐν
727 1925 810 2011 aliipr
826 1927 874 1988 nal
890 1924 1028 2012 νεφέλησν.

200 2047 220 2114 3
221 2046 276 2113 5¹·
292 2030 331 2092 Ε.
355 2028 508 2113 ἀνάληψιν]
523 2027 735 2114 susceptionem
754 2025 956 2091 reddidimus
972 2046 1032 2111 pro
1047 2025 1206 2113 Xylandri

157 2130 412 2216 recuperationem,
441 2128 483 2194 de
515 2152 581 2216 quo
610 2140 782 2194 monuerat
808 2143 842 2193 et
869 2127 1028 2215 Squirius.
1075 2129 1127 2193 Ita
1153 2129 1205 2196 De

159 2229 272 2295 Anim.
294 2231 474 2318 Tranquill.
496 2253 530 2318 p.
545 2249 621 2315 472.
643 2232 685 2297 B:
714 2231 886 2314 μαθημάτων
906 2230 1046 2308 ἀνάληψις
1067 2227 1208 2318 discipli·

156 2334 431 2422 ramesejensis,
454 2333 476 2398 i.
496 2356 525 2399 e.
549 2333 728 2421 perceptio,
750 2331 893 2399 discendi
917 2332 1015 2398 ectio.
1043 2331 1204 2403 Galenus

158 2436 316 2523 Protrept.
338 2435 424 2524 Cep.
449 2438 481 2501 ll
493 2462 502 2501 t
534 2435 635 2523 τὲχνης
658 2437 823 2516 ἀναλήψεως
845 2441 1080 2524 καταφρονοῦντα·
1103 2434 1203 2523 negli-

150 2549 270 2623 gentem
283 2552 361 2604 artes
377 2537 495 2627 discere.
532 2540 700 2628 Diogenes
713 2542 823 2605 Laert.
839 2540 918 2605 Vll.
934 2541 967 2606 8.
1005 2538 1202 2631 Porphyrius

74 2654 78 2667 ⁸
155 2641 207 2706 De
224 2641 345 2707 Abstin.
363 2645 391 2707 l.
404 2661 457 2728 29.
481 2643 544 2707 Ill.
555 2662 613 2707 ¹10.
642 2642 847 2708 lamblichus
859 2641 929 2707 Vit.
947 2641 1085 2730 Pythag.
1100 2644 1133 2726 ξ.
1148 2643 1202 2709 68.

116 2770 121 2776 ’
158 2746 229 2809 188.
247 2760 322 2829 225.
368 2745 522 2810 Eusebius
546 2747 647 2831 Praep.
671 2748 794 2832 Evang.
816 2745 877 2810 IV.
900 2766 934 2831 p.
952 2764 1026 2826 140.
1047 2746 1091 2812 D.
1107 2746 1150 2811 V.
1165 2767 1199 2832 p.

157 2849 230 2932 196.
246 2847 287 2912 C.
326 2847 381 2912 Sic
396 2847 526 2911 verbum
542 2842 765 2927 ἃνιιλαμβίινιιν,
782 2858 820 2911 ut
834 2846 910 2911 alibi
925 2845 1082 2911 dicemus.
1169 2886 1173 2899 ·

196 2967 273 3034 351.
289 2951 325 3013 F.
347 2949 514 3026 Ἑλληνικὸν
532 2952 591 3035 γὰρ
604 2946 702 3026 ἡἿσις
717 2949 765 3012 uel
781 2947 965 3033 eTnpdh]
991 2947 1200 3017 Plutarchum

152 3051 303 3138 γλίσχρως
326 3054 507 3134 ἐτυμολογιῖν
528 3055 577 3115 καὶ
600 3054 765 3139 βαρβαρικὰ
786 3051 909 3134 ὀνόματα
931 3051 1121 3134 ὶξελληνίζιιν,
1142 3051 1199 3121 ffi-

151 3155 244 3242 gidas
262 3154 448 3220 notationes
466 3154 603 3242 prodere
623 3170 657 3221 et
676 3155 846 3244 peregrina
867 3154 998 3221 nomina
1019 3168 1141 3221 temere
1158 3155 1200 3225 ad

152 3259 299 3323 Graecam
317 3258 477 3345 originem
491 3280 622 3346 cogere,
637 3282 703 3324 non
720 3264 889 3347 negamus.
917 3258 1011 3325 Alias
1021 3259 1198 3347 easquein-

151 3361 286 3448 digenas
299 3360 441 3449 origines
456 3361 511 3426 alii
525 3362 702 3449 procudere
718 3362 906 3428 studuerunt
916 3385 1024 3452 eques
1035 3364 1140 3431 videre
1152 3364 1199 3429 est

151 3465 183 3527 in
196 3464 374 3530 ·Jablonlkii
392 3465 536 3530 Pantheo
550 3467 688 3554 AEgypt.
705 3467 767 3531 lll.
782 3486 811 3544 1,
826 3486 968 3555 12-15.
979 3466 1021 3531 de
1032 3467 1131 3552 lfide:
1154 3469 1210 3534 V.

88 3624 101 3642 ,
151 3568 252 3646 2,18.
277 3567 318 3630 de
341 3568 593 3654 Typhonerquae
613 3591 654 3632 an
676 3568 750 3654 ipsae
768 3591 849 3633 veroe
868 3569 940 3648 fint,
955 3567 1010 3655 ipsr
1026 3568 1072 3634 dii
1085 3569 1198 3651 sciant,
1286 3613 1290 3625 ι

149 3666 317 3732 hominem
330 3669 466 3735 arbitror
480 3670 559 3736 scire
574 3671 750 3736 neminem.

156 3850 164 3856 ,
190 3789 209 3857 3
212 3787 267 3855 51.
292 3773 328 3835 F.
352 3773 546 3856 κιλινοόσαις]
567 3774 686 3839 Verum
709 3773 794 3839 hanc
816 3773 879 3838 effe
901 3773 1075 3840 ledioner'n
1097 3795 1195 3844 nemo

148 3873 356 3954 dubitaverit,
383 3874 439 3960 qui
464 3877 667 3964 frequentem
693 3876 791 3964 hujus
814 3875 900 3941 verbi
928 3877 1033 3957 usum,
1059 3888 1194 3945 etcum

147 3977 246 4042 verbo
266 3978 384 4041 κωλύειν
371 4000 425 4041 ve
446 3976 581 4042 librariis
602 3980 784 4065 usurpatam
803 3978 1106 4045 commutationem
1103 4000 1197 4068 cog-

148 4079 284 4160 noverit,
307 4103 405 4168 quam
428 4082 707 4169 annotavimusp
729 4083 782 4169 69.
804 4082 843 4145 E.
867 4080 1069 4149 reddendum
1090 4095 1192 4157 retun-

147 4183 283 4247 dentibus
284 4183 516 4270 ‚resecantibrrm

189 4304 314 4381 p.35a.
329 4288 374 4351 A.
391 4284 506 4371 Ἰσειον]
531 4288 574 4351 Et
593 4285 719 4352 Latinis
734 4287 828 4373 Iseum
843 4298 877 4353 et
871 4288 992 4376 {serem
1027 4287 1130 4358 Plinio
1145 4290 1192 4358 H.

636 4411 664 4455 M
680 4409 702 4471 4
