2714 4770
267 326 535 390 Qumsrmuas
553 326 740 422 Ioniacas.
759 347 787 405 p.
806 329 1076 406 299.n-300.1›.
1149 350 1188 409 71

148 484 259 565 τείσας,
279 485 401 572 aliquid
421 485 531 551 mendi
547 478 666 552 subesse
680 498 804 575 putem.
848 450 1067 576 Tlepolemus,
1087 490 1187 556 Pene-

131 586 232 667 leus,
245 586 444 674 Elephenor,
456 609 496 652 ex
511 587 612 653 Iliade
624 587 748 676 cogniti
762 588 845 653 sunt.
1218 651 1223 661 ,

102 732 123 750 ·‹
192 689 404 777 199.Ε.λνί.]
429 692 492 756 Res
513 690 630 778 partim
649 690 786 757 refertur
805 692 846 756 ab
865 689 1085 756 AElianoVar.
1102 632 1184 757 Hisi.

154 793 218 856 III.
232 812 287 874 42.
301 805 334 857 et
353 792 519 858 Antonino
537 792 675 860 Liberali
691 793 768 858 Fab.
784 793 831 858 X.
845 815 918 880 quae
933 792 1104 860 Plutarcho
1118 795 1185 860 Ar·

137 886 223 980 finos
242 893 373 974 dicitur,
391 893 469 960 huic
484 895 559 981 Ars
545 896 622 983 ρρι
639 893 686 963 1111
698 894 848 984 Aristippo
868 896 931 960 est:
954 894 996 960 ad
1013 908 1186 981 utrumque
1313 970 1317 982 Ι

149 992 497 1089 videndilnterpretes.
710 1043 712 1046 ι
1193 1084 1195 1087 ¹

193 1119 227 1184 p.
240 1116 317 1182 300.
331 1097 377 1161 A.
391 1096 442 1162 λί’.
446 1097 460 1180 ]
477 1098 531 1163 De
545 1097 654 1185 Lycaei
668 1098 755 1166 Jovis
769 1099 871 1184 septo,
885 1098 1035 1185 quaedam
1049 1095 1090 1162 ad
1103 1096 1187 1163 hanc

149 1198 327 1287 spestantia
344 1199 559 1287 Quaestionem
581 1200 705 1287 prabet
725 1199 892 1266 Pausanias
909 1200 1006 1265 VIII.
1020 1200 1082 1286 38.
1105 1199 1188 1265 Tibi

149 1303 208 1388 ὅρος
224 1300 380 1389 ταρίχεταν
401 1304 432 1367 τὸ
454 1303 576 1368 Λύκαιον
589 1303 675 1368 καί
655 1318 735 1368 αλλα
749 1306 775 1379 ἐς
789 1304 893 1387 θαῦμα,
907 1306 955 1368 καὶ
969 1302 1101 1385 μάλιστα
1114 1299 1185 1365 τόθι.

148 1404 266 1487 Τίμτνίς
279 1407 354 1469 ioris
368 1407 396 1468 11
408 1409 485 1492 αὐτῷ
497 1404 621 1473 Λυκαίου
635 1407 712 1487 Διὸς,
725 1405 814 1482 ἔσοδος
829 1407 856 1470 hi
869 1408 919 1471 οὐκ
930 1405 1004 1470 Ιοτνν
1018 1408 1044 1478 ἐς
1054 1405 1122 1468 αὐτὸ
1135 1407 1186 1467 ἂν·
1263 1403 1266 1407 ’

149 1507 270 1595 θρόνοις·
302 1506 458 1595 ὑπεριδόντα
483 1509 510 1573 δὲ
533 1517 583 1574 τοῦ
607 1507 687 1592 νόμον
704 1510 761 1598 ,καί
791 1507 949 1588 ἔτνλθίντα,
973 1506 1083 1593 ἀνάγκη
1105 1511 1187 1571 παῖσα

148 1610 230 1674 αὑτὸν
249 1612 369 1674 trama
391 1609 484 1698 πρίσω
502 1613 540 1693 μὴ
562 1613 671 1692 βνῶναν.
715 1611 776 1679 Καί
789 1609 855 1674 τάδε
869 1606 1047 1695 ἔτίέλέγοτο·
1061 1611 1101 1672 τοὶ
1115 1609 1187 1683 ἐντὸς

148 1718 197 1777 τοῦ
208 1711 333 1794 τεμένους
346 1712 480 1796 γονίμινα
492 1712 590 1796 ὁμοίως
603 1717 633 1778 οὔ
646 1702 820 1801 ταρίχωθαν
834 1717 930 1792 οκνοὶν,
944 1714 993 1777 καὶ
1007 1714 1052 1775 tot
1062 1717 1144 1775 τοῦτο
1160 1714 1186 1785 ἐς

149 1817 182 1879 τὸ
201 1813 310 1898 τίμενος
324 1814 410 1902 θηρίον
425 1815 646 1901 καταφεύγοντος
664 1819 713 1880 οὐκ
732 1812 815 1880 isiae
833 1821 857 1881 οί
871 1814 1062 1880 maculamur
1077 1819 1090 1877 ὁ
1106 1839 1187 1901 uum·

149 1915 244 2000 γέτης,
263 1920 342 1980 &ml
360 1916 496 1999 ὑτομίνοον
515 1909 592 1992 iuris
607 1918 654 1980 καὶ
669 1922 735 2003 ὁρῶν
747 1919 779 1980 τὸ
796 1916 891 2001 θηρίον,
907 1915 1031 1998 οὐδεμίαν
1045 1918 1092 1978 ἀπ’
1107 1919 1189 1978 αὐτοῦ

149 2019 246 2080 θεᾶται
267 2015 404 2079 σκιάν-.
449 2016 701 2103 Pythagoricum
720 2016 800 2081 illud
814 2030 1050 2094 commentum,
1066 2015 1188 2080 animas
1238 2015 1241 2022 '

151 2131 355 2194 mortuorum
375 2140 434 2184 nec
456 2119 625 2184 connivere
646 2141 705 2185 nec
727 2120 874 2185 umbram
888 2118 1000 2207 'jacere
1020 2117 1189 2204 attigimus

150 2220 192 2285 ad
210 2223 279 2286 Ser.
302 2222 404 2284 Num.
426 2219 525 2287 Vind.
546 2212 580 2308 p.
604 2238 677 2307 105.
700 2221 798 2308 hujus
821 2220 972 2286 editionis
994 2244 1027 2308 p.
1046 2222 1123 2305 564.
1147 2219 1187 2283 C.

147 2324 286 2405 Ἀμελοῦς
303 2321 589 2410 χώραν,1)101011111
608 2324 672 2389 vim
694 2325 811 2390 habere
829 2323 1012 2412 colligimus
1026 2345 1065 2389 ex
1081 2325 1188 2388 Zeno-

108 2510 112 2515 η
149 2424 217 2507 bio,
231 2427 258 2490 I.
275 2427 315 2510 78
328 2451 336 2491 ν
364 2429 501 2510 Ἀμελοῦς
523 2427 623 2514 γωνία·
645 2429 712 2491 'rat
726 2435 781 2491 τῶν
795 2430 889 2516 ἀργῶς
905 2427 953 2490 καί
966 2427 1090 2515 ῥαθύμως
1105 2427 1189 2504 καθη-

147 2527 245 2610 μένων·
269 2531 329 2594 ἐστὶ
355 2529 383 2593 δὲ
408 2529 456 2594 καί
480 2529 583 2617 χωρίον
607 2530 724 2610 Λιβύης,
747 2533 870 2612 Ἀμελὴς
891 2528 983 2593 Γωνία
1010 2527 1187 2610 καλούμενον.

149 2630 354 2719 DIogeniano
366 2633 411 2697 II.
425 2652 443 2701 α
444 2649 477 2719 5.
507 2631 651 2719 Hesych.
665 2632 698 2696 in
710 2633 800 2697 Voce
814 2631 877 2696 fine
895 2629 1056 2696 Proverbii
1068 2629 1187 2716 fignifi-

149 2734 276 2798 catione
302 2734 448 2820 apponit.
494 2736 532 2799 In
555 2733 716 2821 Lycaonis
737 2733 809 2798 filiis
828 2733 863 2797 hi
884 2756 949 2797 non
968 2743 1189 2797 memorantur

151 2834 349 2920 Apollodoro
365 2838 428 2900 III.
445 2838 477 2917 8,
496 2856 526 2900 1.
540 2835 598 2900 ubi
613 2834 796 2899 consulatur
811 2835 970 2921 Heynius.
1004 2837 1056 2898 De
1071 2837 1189 2921 Lycao

150 2937 241 3022 septo
258 2936 337 3002 alios
355 2937 454 3002 etiam
477 2938 556 3003 citat
578 2939 670 3002 testes
691 2934 925 3001 Valckenarius
940 2937 972 3000 in
989 2936 1135 3000 Diatribe
1149 2936 1189 3000 ad

150 3038 296 3125 Euripid.
313 3041 441 3126 Fragm.
456 3063 489 3127 p.
507 3057 579 3124 132.
614 3035 786 3134 Ἀρχέτιμος
804 3036 950 3104 scribitur
963 3039 996 3102 in
1013 3041 1047 3102 P.
1064 3038 1189 3104 Vossius

150 3140 231 3205 Hist.
249 3140 308 3205 Gr.
325 3142 388 3206 III.
401 3160 436 3226 p.
448 3160 525 3226 301.
540 3162 579 3206 011
593 3162 661 3205 11110
675 3139 825 3206 hocloco
839 3139 908 3228 ejus
925 3139 1124 3206 mentionem
1138 3139 1188 3204 fa·
1250 3180 1251 3183 =

149 3241 205 3306 cit.
232 3242 424 3325 Eleutheros,
435 3243 570 3311 Boeotiae
585 3244 711 3323 urbem,
723 3244 764 3309 ab
774 3242 938 3308 Eleutharc
948 3241 1111 3330 Apollinis
1123 3240 1189 3308 filio
1324 3286 1328 3296 ·

150 3344 296 3409 conditas
310 3346 481 3433 perhibent
497 3337 662 3410 Pausanias
677 3344 738 3409 IX.
756 3365 809 3414 20.
825 3358 860 3411 et
874 3344 989 3433 Steph.
1006 3347 1087 3433 Bya.
1104 3346 1187 3411 Voo.

192 3465 268 3529 300.
285 3447 329 3511 D.
343 3446 619 3530 μ’.]Η11101111011
632 3446 1073 3534 Myrtidiscarminesumta·
1064 3445 1189 3533 ,igitur

151 3561 257 3612 totum
269 3548 333 3613 hoc
348 3562 446 3646 caput
459 3549 492 3614 in
506 3548 593 3614 illius
608 3549 809 3635 Fragmentis
822 3549 960 3637 reposuit
969 3550 1045 3616 Joh.
1059 3548 1190 3613 Christi·

151 3644 232 3715 anus
253 3650 422 3716 Wolfius
414 3675 447 3716 111
466 3654 592 3718 Novem
613 3649 728 3716 Illustr.
749 3653 921 3718 Foeminar.
941 3655 1070 3740 Fragm.
1091 3652 1125 3714 P.
1143 3653 1188 3716 Il.

148 3772 184 3838 p.
198 3753 254 3837 38.
299 3751 439 3838 Eunostos
454 3754 567 3820 heroes
584 3752 665 3819 alios
682 3755 723 3820 ab
743 3755 812 3820 aliis
834 3755 1039 3843 scriptoribus
1061 3775 1187 3818 memo-

150 3867 248 3934 ratos,
261 3876 326 3919 non
342 3853 420 3918 item
433 3854 521 3921 hunc
535 3857 761 3944 Tanagraeum,
774 3856 933 3922 adserens.
976 3855 1108 3921 Diocles
1122 3855 1188 3921 sor·

150 3956 224 4022 tasse
241 3959 285 4022 est
307 3958 526 4045 Peparethius,
545 3958 664 4024 citatus
684 3959 857 4023 Plutarcho
879 3959 912 4022 in
932 3957 1070 4024 Romulo
1084 3981 1118 4045 p.
1136 3978 1187 4048 19.

150 4062 192 4123 A.
211 4061 318 4141 11“.Β,
337 4059 377 4125 C.
421 4060 510 4125 Nam
532 4060 629 4147 quod
642 4060 766 4125 Vossius
789 4060 871 4125 Hist.
894 4061 952 4125 Gr.
974 4059 1036 4124 III.
1057 4083 1090 4147 p.
1111 4078 1188 4145 355.

151 4161 314 4226 Rhodium
336 4161 511 4249 suspicatur
528 4163 589 4228 esse
607 4162 742 4228 citatum
762 4162 795 4228 in
811 4162 893 4228 libro
908 4164 960 4228 De
975 4161 1189 4244 Fluminibus,

151 4276 281 4350 propter
286 4257 396 4351 ipsam
410 4263 511 4330 libelli
526 4264 672 4330 fraudem
687 4264 921 4352 repudiandum
936 4264 1073 4332 videtur.
1148 4306 1151 4312 -
1250 4299 1251 4304 ν

642 4385 700 4448 1²4
