2714 4770
254 376 521 441 QUAESTlONES
542 373 744 437 ROMANAS.
765 390 876 456 payo.
891 376 1030 452 D-ayr.
1044 376 1080 434 B.
1142 393 1177 451 ³¹

147 534 236 600 diuo
254 535 384 602 citando
403 536 467 624 legi
487 536 625 602 debebat
635 535 681 600 Ἢ
699 536 797 599 καὶτὸ
810 544 858 600 τοῦ
871 532 1181 617 Θεμιστοκλέους-οι

148 637 261 702 codice
276 640 314 703 E.
332 640 365 702 P.
381 638 567 726 eonjeblura
579 637 737 727 Xylandri
750 635 862 723 pro'H
877 665 907 702 ιι.
921 664 951 702 τ.
967 663 997 702 τ.
1012 640 1057 717 Θ,
1073 636 1186 722 requi-⁶

148 739 230 803 ritur
250 740 335 804 enim
362 738 555 827 disjunblior
584 740 637 803 An
658 763 742 818 vero,
762 738 835 805 sive
860 739 1002 803 etiam-.
1038 738 1181 821 Didum

148 840 199 905 bis
220 840 293 906 alibi
316 855 531 906 memoratum
557 840 742 918 Plutarcho,
764 840 797 904 in
818 840 896 906 Vita
916 840 1122 907 Themistocl.
1147 859 1181 925 p.

152 961 225 1007 121.
240 945 279 1008 B.
312 944 365 1008 De
389 943 500 1007 Gloria
517 942 641 1007 Athen.
660 942 733 1006 init.
751 964 784 1028 p.
799 956 877 1029 345.
894 942 935 1008 C.
955 941 1182 1028 reprehensum

147 1065 186 1108 ac
200 1043 369 1109 temeraria
382 1042 562 1108 mutatione
576 1054 736 1108 tentatum
751 1042 961 1123 aVaaffenio,
976 1042 1062 1108 redte
1077 1039 1182 1107 vindi·

149 1159 259 1211 catum
272 1169 292 1211 a
303 1146 498 1212 Ruhnkenio
513 1146 617 1210 nostro
631 1145 663 1210 in
677 1144 806 1232 epistola
816 1145 858 1210 ad
872 1145 963 1210 illum
979 1144 1106 1231 scripta,
1120 1165 1185 1231 qua

148 1246 272 1312 edenda
285 1247 494 1335 gratissimum
512 1245 591 1312 feeit
608 1246 765 1334 elegantis
787 1246 940 1313 doerinae
955 1245 1095 1311 studiofis
1108 1267 1184 1320 eru-

149 1348 317 1415 ditiffimus
337 1363 370 1414 et
389 1348 429 1413 de
448 1349 580 1435 optimis
601 1349 719 1415 Literis
738 1348 862 1436 optime
881 1347 1016 1413 meritus
1037 1348 1083 1412 vir
1103 1347 1184 1412 Chr.

150 1452 263 1517 Sarius
287 1453 321 1516 in
341 1450 536 1516 Onomastici
559 1452 651 1516 Parte
672 1453 769 1540 VlH.
790 1473 823 1537 p.
842 1470 897 1532 40.
943 1451 1040 1515 Porro
1057 1448 1186 1533 φονίντες

151 1577 227 1618 cum
247 1557 365 1620 Venet.
387 1568 421 1618 et
442 1553 530 1619 Vols.
553 1553 745 1618 mutandum
766 1552 800 1617 in
822 1551 964 1637 φανέντος·
988 1565 1024 1617 et
1036 1551 1127 1617 locus
1141 1551 1188 1617 ite

151 1670 305 1727 ceterum
327 1654 549 1743 corrigendus,
569 1658 604 1730 ὥς
625 1657 698 1720 οὐδὲν
713 1654 747 1720 δν
760 1657 878 1738 οὐδαμοῦ
893 1654 1038 1739 φοινέντοις.
1082 1653 1186 1720 Deni-

148 1780 215 1846 que
237 1756 330 1836 illud,
353 1758 400 1821 ιιαδ
421 1764 500 1820 τοῦτο
521 1756 667 1844 ἔπραττον,
688 1754 781 1845 ὅστις
799 1757 838 1821 ἔτι
857 1765 901 1821 νῦν
919 1757 1147 1843 προκηρύττουσιν
1163 1759 1188 1819 oi

151 1862 228 1946 δεςεῖς
249 1859 292 1922 tut
310 1863 361 1933 τὰς
382 1857 476 1935 δυο-ἴοις
496 1857 666 1940 βαδίζοντες,
684 1857 804 1944 ἷρθᾶοῖ
824 1871 938 1922 notum
960 1857 1023 1922 hoc
1037 1855 1186 1922 sacerdo·

152 1973 224 2024 tum
247 1959 370 2024 dietum
387 1959 452 2023 Hoc
468 1982 543 2044 age:
565 1957 654 2043 quod
670 1957 859 2023 Plutarchus
876 1958 952 2023 alibi
972 1970 1143 2036 memorat,
1155 1957 1189 2020 in

153 2062 265 2126 Numa
287 2082 320 2145 p.
335 2062 389 2144 69.
405 2060 450 2122 D.
473 2072 506 2123 et
527 2058 560 2122 in
584 2056 757 2123 Coriolano
776 2079 810 2143 p.
829 2076 902 2143 225.
919 2059 955 2123 F.
978 2073 1011 2122 et
1033 2057 1126 2123 dotte
1148 2057 1188 2121 il·

152 2163 301 2228 lustratur
320 2161 351 2226 in
370 2160 492 2226 Erasmi
509 2160 712 2247 aliorumque
728 2160 864 2248 Adagiis
884 2160 964 2226 edit.
985 2159 1137 2226 Wechel.
1153 2180 1186 2246 p.

156 2266 229 2352 198.
710 2290 715 2302 ·
897 2263 899 2268 ’
1214 2308 1217 2319 .

198 2384 271 2452 270:
285 2368 329 2433 D.
344 2366 415 2453 κς’.]
441 2363 638 2435 Muliebrem
656 2366 689 2432 in
711 2366 803 2432 ludu
825 2367 940 2432 vestem
966 2366 1073 2432 albam
1097 2364 1188 2430 fuisse

152 2470 351 2535 documento
375 2471 446 2534 sunt
459 2469 597 2556 -quidam
620 2473 775 2535 Veterum
798 2468 881 2535 loci:
905 2493 934 2533 v.
956 2492 987 2533 e.
1009 2467 1188 2533 Herodiani

152 2573 187 2636 in
210 2573 322 2637 funere
340 2571 447 2636 Severi
463 2569 682 2650 describend0‚
704 2572 762 2635 IV.
781 2591 812 2636 2.
835 2570 1025 2655 ἡσῦφνιλητος
1044 2570 1190 2651 μελαίναις

151 2675 293 2763 lorengio-r
306 2675 614 2762 χρώμενοι-γυναῖκες
630 2678 712 2749 λιτὰς
726 2676 839 2750 ἐσθῆτος
854 2677 956 2748 λευκοὶς
969 2673 1189 2756 ἀμφιεννύμενοι·

152 2790 189 2842 et
207 2776 261 2842 alii
278 2799 360 2862 quos
382 2775 487 2840 adfert
506 2775 741 2840 Kirchmannus
758 2775 809 2839 De
825 2777 949 2840 Funere
964 2777 1058 2841 Rom.
1073 2775 1120 2839 11.
1139 2789 1189 2858 17.

156 2901 189 2964 p.
212 2898 286 2965 239.
323 2875 531 2942 Mortuorum
557 2897 693 2961 corpora
716 2875 795 2940 albis
814 2875 950 2940 restibus
971 2874 1085 2939 induta
1103 2874 1190 2940 idem

156 2980 264 3058 docet,
279 2982 307 3044 I.
323 2998 355 3062 7.
379 2976 549 3064 utrobique
564 2977 635 3041 hae'c
653 2976 816 3042 Plutarchi
831 2976 917 3042 dieta
931 2996 1116 3064 apponens=
1139 2976 1193 3041 eui

154 3082 292 3147 addatur
306 3079 465 3168 Rigaltius
478 3078 519 3144 ad
533 3077 730 3145 Artemidor.
750 3081 795 3153 ll.
809 3098 844 3164 3.
859 3099 893 3164 p.
907 3097 962 3160 42.
1002 3078 1055 3143 De
1070 3079 1192 3166 Mago·

156 3208 228 3251 rum
251 3183 370 3270 placito
392 3181 583 3247 Plutarchus
604 3180 746 3269 prodidit
761 3181 795 3245 in
809 3166 892 3245 libro
905 3181 959 3246 De
974 3179 1047 3245 lfid.
1061 3193 1097 3244 et
1111 3180 1191 3245 Ofir.

156 3310 190 3376 p.
205 3291 281 3375 369.
295 3288 340 3352 D.
354 3303 430 3371 370.
447 3288 492 3350 D.
529 3282 724 3372 Porphyrius
744 3283 815 3350 Vit.
839 3282 977 3371 Pythag.
998 3283 1029 3365 §.
1043 3302 1098 3364 41.
1120 3305 1191 3371 quae

157 3393 253 3457 verba
273 3389 385 3455 retulit
403 3389 550 3453 Stobaeus
564 3387 631 3452 Tit.
647 3389 709 3450 Xl.
725 3408 758 3472 p.
778 3405 849 3471 139.
895 3385 990 3451 Plura
1010 3398 1044 3450 et
1066 3385 1190 3451 notavi·

157 3507 283 3559 munet
306 3490 489 3557 notabimus
515 3488 557 3553 ad
577 3488 784 3553 Plutarchum
810 3488 879 3553 Ser.
905 3489 1007 3552 Num.
1030 3487 1131 3555 Vind.
1157 3509 1192 3575 p.
1208 3512 1224 3571 g

155 3599 234 3683 564.
251 3594 291 3659 C.
335 3584 420 3657 Illud
442 3595 540 3679 δολερὰ
559 3590 610 3673 μὶν
628 3594 667 3654 τοὶ
685 3589 789 3672 εἵματα
809 3592 909 3670 δολερὰ
929 3590 956 3652 δὲ
976 3594 1015 3653 τοὶ
1031 3589 1191 3676 χρώματα,

158 3698 202 3764 est
217 3693 377 3761 Herodoti
393 3694 455 3758 111.
471 3712 523 3761 22.
549 3690 720 3758 Plutarcho
734 3689 917 3755 adhibitum
934 3691 1081 3779 Sympos.
1099 3690 1144 3753 ll.
1159 3711 1193 3777 p.

157 3801 234 3883 646.
250 3799 288 3862 Β.
313 3795 453 3882 Malign.
468 3794 593 3860 Herod.
608 3815 642 3881 p.
660 3794 735 3879 863.
751 3793 795 3858 D.

202 3917 278 3985 270.
293 3902 446 3981 P.-271.
462 3899 500 3962 B.
517 3894 588 3982 κζ]
615 3894 713 3961 Caius
727 3892 829 3959 instit.
847 3896 874 3959 l.
893 3914 923 3958 1.
939 3916 972 3980 p.
986 3911 1047 3977 70:
1072 3893 1195 3961 Sancta

148 4109 240 4192 sunt.
284 4100 351 4167 Ubi
375 4097 537 4164 Aleander
562 4094 997 4182 Plutarchumreprehendit
1017 4118 1131 4184 parum
1153 4098 1195 4163 ad
1261 4127 1263 4131 ·

159 4205 368 4272 diversrtatem
381 4203 523 4292 sacriet
534 4201 639 4288 santii
659 4199 892 4266 attendentem.
937 4199 1008 4286 lpse
1029 4199 1195 4287 attendpre

159 4307 299 4374 debebat
312 4305 353 4372 ad
369 4328 487 4372 nomen
503 4302 644 4386 ἀβέβηλον
654 4318 708 4390 per
717 4303 798 4390 quod
806 4301 949 4380 incedere,
960 4301 1098 4386 trarfire,
1110 4300 1197 4387 nesus
1266 4354 1269 4361 .
