2714 4770
226 354 283 416 18⁶
363 354 404 415 D.
424 352 473 413 W.
494 351 693 414 ANIMADV.
715 353 762 413 ΙΝ
781 351 1016 414 PLUTARCHI
1036 352 1115 413 LlB.

220 514 303 580 νύινν
323 515 435 596 κόσμιον
460 511 579 600 γένισιν.
623 511 708 580 Solia
731 512 960 580 animadverfio
984 512 1084 579 antae
1107 511 1208 578 etiam
1231 512 1266 579 in

223 620 340 685 Graeca
360 615 470 683 fabula
487 615 529 681 de
555 614 714 682 adulterio
738 616 857 682 Martia
878 630 913 683 et
932 616 1068 683 Veneria
1090 615 1202 704 Odyff.
1222 621 1265 683 Θ.

223 732 298 807 2'7'0.
327 719 426 810 Quod
439 718 561 808 legitur
572 726 628 783 τῶν
640 717 738 802 φόνιον
750 710 882 799 inimo,
899 718 1108 815 perspicuitas
1122 719 1267 808 require·

221 823 279 891 bat
292 848 322 888 ν.
337 840 369 906 p.
386 828 430 887 ia.
452 820 537 896 ἔτους·
560 842 756 908 quamquam
779 821 826 917 ita
845 817 992 909 scripisse
1012 821 1177 888 auiiorem
1201 845 1266 888 non

220 928 401 994 affirmem:
430 925 535 1013 magis
556 926 713 991 affirmem
737 948 813 991 eum
836 925 982 1014 seripfiffe
1006 927 1039 991 τὸ
1063 929 1268 1012 ἑβδομηκοστὴ

217 1031 355 1118 magor,
374 1028 528 1116 fiquidem
551 1027 722 1116 quinquies
740 1030 880 1094 LXXII.
900 1028 1079 1096 conficiunt
1094 1052 1267 1096 numerum

223 1131 390 1199 CCCLX.
406 1132 459 1198 cui
477 1131 595 1197 additis
615 1130 758 1219 quinque
779 1131 895 1198 diebus
911 1133 1109 1218 ὴαγνμέιοις,
1131 1132 1266 1220 explen-

221 1246 277 1302 tur
292 1235 481 1302 CCCLXV
498 1233 580 1314 diea,
602 1233 720 1322 quibua
742 1249 822 1300 tuno
840 1235 993 1324 AEgyptii
1012 1257 1135 1300 annum
1153 1235 1266 1301 cense-

221 1339 317 1407 bant:
341 1350 439 1425 atque
453 1336 511 1416 ita,
526 1336 638 1403 addito
653 1337 784 1425 διύνιρνν,
799 1338 888 1404 hune
905 1339 1066 1404 Plutarchi
1082 1339 1194 1405 locum
1208 1361 1266 1428 ap·

221 1443 316 1531 ponit
337 1440 482 1530 Scaliger
503 1442 556 1506 De
577 1441 717 1506 Emend.
739 1432 854 1528 Temp.
873 1462 907 1528 p.
925 1461 997 1529 195·
1012 1440 1058 1506 nil
1072 1463 1210 1508 monent
1225 1441 1266 1508 de

223 1546 336 1613 addito
350 1568 369 1610 a
382 1546 414 1610 se
426 1543 595 1624 vocabulo,
610 1544 664 1609 sed
678 1545 762 1631 quefi
778 1545 818 1610 fic
833 1543 866 1609 in
881 1544 966 1611 libro
986 1545 1096 1610 exstet.
1140 1546 1194 1610 De
1214 1566 1267 1609 rn-

121 1663 123 1667 ’
222 1649 314 1715 tione
341 1646 418 1713 anni
436 1643 630 1735 'AEgyptiaci
652 1646 807 1712 videndus
829 1646 927 1712 etiam
951 1646 1096 1713 Patavina
1115 1647 1267 1713 Doetrin.

221 1753 339 1839 Temp.
357 1751 421 1815 111.
437 1769 468 1813 1.
483 1771 522 1814 ea
535 1749 695 1815 veteribus
709 1749 742 1814 in
757 1749 869 1837 primis
885 1747 1074 1815 Herodotus
1089 1751 1116 1815 1.
1127 1769 1161 1832 4.
1183 1749 1268 1814 Dio·
1303 1754 1305 1758 ’

183 1859 186 1871 ’
222 1853 321 1920 dome
336 1852 403 1921 Sic.
418 1854 446 1918 1.
460 1872 511 1939 13.
526 1850 580 1917 sed
594 1864 628 1918 et
642 1851 697 1918 alii
710 1851 803 1917 citati
815 1850 980 1938 scaligero
990 1871 1029 1916 ac
1041 1850 1182 1931 Petavio,
1195 1863 1268 1916 tum

222 1944 426 2024 Jablonssaiun
440 1956 556 2022 Pantb.
571 1957 650 2044 ὣς.
668 1957 703 2021 Ρ.
720 1957 746 2022 Ι.
762 1977 794 2042 p.
810 1974 882 2040 ¹43·
897 1967 931 2020 et
945 1953 1126 2022 [ancherus
1140 1953 1183 2019 ad
1197 1955 1268 2020 He·

223 2059 332 2127 rodot.
352 2052 376 2125 l.
396 2081 428 2127 c.
473 2048 631 2146 Xylandri
655 2061 777 2123 νινιλνῖν
798 2057 885 2123 reae
905 2068 1019 2122 tuetur
1040 2047 1203 2136 Reissaiua3
1225 2056 1270 2122 est

223 2163 311 2228 enim
332 2160 483 2248 frequens
496 2161 629 2226 verbum
644 2159 873 2247 significatione
886 2157 1054 2247 colligendi,
1068 2155 1269 2236 contrahendi,

222 2265 318 2354 eujus
333 2260 480 2349 exempla
493 2261 568 2327 alibi
582 2261 768 2348 prodemus.
1234 2335 1240 2346 Ι

264 2380 340 2452 355.
356 2367 395 2429 Ε.
420 2361 771 2446 Παμύλην-Παμυλίων
788 2367 880 2450 ἑορτὴν
897 2368 975 2452 αὐτῷ
995 2362 1136 2450 unicias
1155 2375 1269 2447 φαλλη-

222 2468 322 2558 pugion
348 2467 492 2552 ἐοικυῖαν]
517 2467 724 2554 Quamquam
746 2487 786 2531 ex
809 2465 941 2555 vulgata
961 2464 1100 2531 leiiione
1122 2486 1197 2530 non·
1210 2484 1268 2552 ap-

223 2584 315 2660 p'aret
328 2570 370 2635 de
384 2568 525 2652 Πομόλης
539 2567 671 2633 nomine
685 2580 795 2634 utrum
809 2568 866 2633 viri
882 2590 923 2634 an
938 2566 1082 2634 mulieris
1095 2567 1150 2648 fit3
1175 2566 1272 2654 fiqui·

223 2675 300 2742 dem
317 2670 595 2760 hoofignificatur
615 2692 674 2758 per
694 2673 876 2759 ὑδρωομὲνιιι,
896 2672 979 2737 illud
998 2692 1056 2758 per
1070 2675 1158 2757 aare,
1175 2669 1270 2758 cujus

128 2825 129 2828 κ
221 2777 297 2844 loeo
317 2777 466 2842 Venetus
485 2774 589 2841 codex
611 2774 710 2839 habet
729 2778 809 2862 αὐτῇ·
832 2788 941 2840 tamen
955 2774 1059 2840 virum
1073 2773 1270 2839 demonstrat

223 2881 316 2948 lbc'us
338 2878 495 2967 Hesychii
516 2878 548 2943 in
570 2879 614 2944 V.
641 2878 813 2960 Πααμῦλης·
837 2879 990 2962 Αἰγύπτιος
1011 2878 1067 2952 θεὸς
1087 2876 1269 2964 Πρναπῶδης.

225 2983 341 3050 Cauffa
355 2981 423 3047 festi
437 2979 629 3065 φαλληφορίιιν
644 2993 843 3046 memoratur
861 2981 893 3046 in
915 2980 1123 3070 sequentibus
1141 3002 1176 3068 p.
1190 2969 1269 3066 365.

225 3086 267 3152 C.
297 3084 420 3151 Eodem
436 3083 576 3170 pertinet
592 3082 751 3148 Herodoti
766 3082 917 3163 narratio,
933 3084 979 3148 II.
990 3085 1046 3166 48.
1062 3083 1116 3149 eui
1130 3082 1269 3148 adhibe·

215 3199 298 3252 ·atur
308 3185 510 3273 Weffelingii
521 3184 700 3250 annotatio.
726 3184 922 3273 Porphyrion
933 3186 1020 3273 apud
1034 3186 1151 3252 Euseb.
1165 3188 1268 3273 Praep.

223 3291 346 3376 Evang.
361 3290 405 3355 V.
429 3311 461 3377 p.
480 3309 552 3376 199.
568 3290 610 3354 Α.
654 3287 856 3354 Jablonssdus
877 3289 992 3355 Panth.
1007 3289 1088 3377 AEg.
1105 3291 1139 3354 P.
1154 3289 1218 3353 111.
1232 3310 1270 3377 p.

224 3410 298 3460 201.
313 3390 400 3478 sequ.
432 3390 569 3458 conen.
583 3393 668 3456 Voc.
683 3392 821 3478 AEgypt.
838 3413 872 3479 p.
887 3409 959 3477 192.

266 3509 343 3580 355.
360 3496 395 3560 F.
419 3495 447 3558 iv
463 3493 625 3579 πανύγροις]
649 3493 814 3581 Amyotua
828 3506 863 3557 et
877 3491 1043 3587 Xylander
1056 3513 1177 3557 nomen
1192 3513 1271 3579 pro·

220 3595 329 3686 prium
351 3594 416 3661 loci
438 3594 626 3682 intelligunt
650 3593 682 3657 in
701 3593 873 3682 Parpgris:
896 3592 1076 3672 eraserim,
1099 3593 1271 3674 Baxterua

222 3697 381 3786 Squiriua,
396 3699 429 3762 in
440 3696 605 3788 praeriguis
619 3694 689 3760 locis
701 3696 887 3786 palastribus.
934 3697 1082 3783 Utraque
1102 3695 1185 3762 ratio
1203 3696 1272 3762 sus·
1352 3684 1354 3688 Α

146 3871 147 3874 ,
224 3802 318 3890 petia
334 3800 427 3867 nobis
442 3799 572 3865 accidit.
601 3801 675 3864 Nec
687 3798 851 3887 νοιρῦγρονς,
863 3797 952 3886 quod
964 3798 1112 3886 Squiriue
1123 3797 1271 3887 eonjicit,

223 3907 410 3994 probamus.
455 3906 542 3990 Ergo
555 3901 705 3989 ἔνέχομιν.

216 4087 219 4092 ι
268 4028 301 4094 p.
322 4009 399 4094 356.
425 4007 468 4072 Α.
498 4005 693 4070 mantem
713 4004 741 4069 δὲ
757 4003 934 4092 Ὀσιρνι-]
960 4005 1044 4068 Haec
1066 4002 1215 4091 Squirius
1238 4003 1272 4070 in

224 4109 373 4176 eamdem
394 4108 586 4175 sententiam
605 4107 767 4195 excipiens
785 4122 883 4195 atque
902 4130 940 4173 ea
954 4130 1027 4195 quoe
1040 4108 1135 4196 supra
1148 4129 1182 4195 p.
1192 4123 1275 4195 354.

224 4214 268 4279 Α.
290 4211 332 4277 de
354 4213 455 4278 Mene
476 4234 563 4300 rege.
575 4211 740 4291 dicuntur,
754 4211 843 4275 hunc
861 4224 895 4277 et
912 4210 1014 4276 Ofirin
1034 4211 1188 4276 eumdem
1210 4211 1276 4278 effe

223 4314 405 4384 contendit.
449 4314 552 4403 Atqui
573 4314 703 4382 diversae
729 4314 803 4381 sunt
826 4315 887 4394 rea,
912 4313 1043 4381 diversae
1064 4313 1274 4384 traditiones.
