2714 4770
229 371 267 446 gs
347 355 407 440 'nl
428 368 477 428 w.
498 357 761 435 ’1199199111
782 367 1118 433 remiremont.
1143 364 1152 369 ”

214 516 320 597 ,locus
345 531 374 594 F
370 529 424 595 esti
436 554 444 594 1
472 529 574 594 Malis
594 530 775 595 celebrantur
795 529 861 596 sudi
876 531 907 596 sn
922 531 1004 597 Circo
1016 531 1142 596 maximo
1155 529 1269 619 Corsa-¹·

224 629 343 710 elium
365 631 435 721 quia
456 631 491 696 id
505 656 600 720 geum
619 634 841 723 quadmpcdum
861 634 986 724 primum
1005 645 1129 724 potatur
1146 645 1270 722 ooeptum

225 735 322 798 currui
334 734 516 825 vebimloque
527 736 665 825 adjungi.
756 751 761 757 '

104 877 107 899 .
270 838 345 921 276.
361 837 403 902 C.
417 837 489 925 ps]
515 840 675 907 Geminus
691 840 735 905 est
756 839 847 922 locue
868 838 1030 924 Plutarchi
1044 838 1076 903 in
1093 838 1270 904 Coriolano

183 975 186 982 ·
225 957 261 1023 p·
281 958 355 1026 219.
375 941 411 1005 F.
455 941 570 1007 Minus
592 941 679 1008 recte
698 943 868 1008 vertiture
884 941 1052 1030 Xylandro
1066 954 1100 1005 ut
1112 943 1162 1005 boc
1176 941 1271 1030 abque

225 1042 298 1129 togis
320 1043 352 1108 in
372 1045 482 1131 indufio
491 1043 641 1131 facereret,
664 1045 752 1132 quod
774 1043 973 1110 reddendum
992 1058 1073 1125 eret,
1087 1058 1120 1109 ut
1133 1045 1271 1130 banstae

224 1145 333 1227 musca,
346 1145 378 1209 in
388 1159 456 1233 toga
459 1145 607 1232 facerent.
629 1145 825 1212 Meziriacue
837 1146 1002 1212 annotavit
1012 1146 1272 1233 παραγγέλλοντας

224 1249 327 1334 ἀρχὴν,
336 1261 464 1336 petentes
478 1247 692 1337 magistratum,
707 1270 767 1336 pro
780 1276 812 1313 π.
828 1247 939 1336 ἄρχειν.
983 1250 1068 1315 Sane
1082 1249 1163 1315 illud
1177 1249 1270 1314 usur-

225 1357 317 1437 pent,
332 1355 396 1418 non
411 1351 488 1417 hoc.
520 1352 574 1418 Sic
590 1353 780 1418 Plutarchus
795 1353 828 1416 in
842 1352 931 1419 Vitis
945 1374 980 1440 p.
998 1372 1070 1420 102.
1084 1355 1123 1417 E.
1138 1351 1273 1417 ὑαατείαν

224 1453 492 1541 -ααραγγέλλειι
516 1469 591 1542 254.
610 1455 654 1521 Α.
675 1456 752 1538 408.
771 1455 811 1520 Α.
834 1467 910 1542 409.
925 1457 964 1520 Ε.
987 1458 1062 1539 646.
1076 1456 1117 1519 Ε.
1140 1456 1215 1539 718.
1231 1455 1270 1520 Β.

226 1569 301 1640 774.
318 1556 360 1621 C.
383 1559 457 1643 783.
474 1556 515 1623 C.
540 1558 614 1654 839.
632 1559 673 1622 Ε.
696 1556 848 1622 Aristides
862 1559 902 1623 T.
919 1560 946 1622 1.
963 1579 996 1644 p.
1009 1560 1063 1644 58.
1109 1558 1215 1646 Igitur
1236 1557 1269 1622 in

224 1654 288 1722 hec
311 1657 379 1743 ipsa
402 1658 585 1746 Quaessione
607 1660 650 1722 ἐπὶ
670 1662 722 1734 τὰς
743 1650 931 1743 ἐπαγγελίας,
953 1658 1130 1747 legendum
1152 1659 1195 1721 bns
1217 1662 1270 1733 τὰς

224 1760 436 1848 παραγγελίας,
452 1760 605 1847 siquidem
622 1761 742 1849 syllaba
755 1765 789 1824 ἐπ
803 1783 841 1826 ex
855 1762 1067 1827 antecedente
1083 1760 1125 1824 et
1140 1759 1271 1841 exstitit,

226 1860 282 1949 qui
307 1862 351 1927 est
375 1861 526 1949 frequens
547 1875 693 1928 errorum
718 1862 808 1927 fons:
833 1863 885 1927 Ite
905 1861 1091 1949 παραγγιλία
1113 1861 1156 1926 est
1171 1855 1273 1949 petitio

224 1964 350 2030 muneris
363 1963 478 2031 Vitios.
495 1964 612 2029 Pudor.
626 1986 660 2051 p.
675 1979 753 2051 535.
769 1965 808 2030 Β.
836 1964 905 2031 Vrt.
922 1980 997 2051 259.
1011 1967 1050 2029 Ε.
1073 1983 1150 2050 345.
1167 1964 1209 2043 C,
1224 1963 1271 2029 D.

224 2078 303 2153 552.
318 2067 362 2131 A.
386 2067 461 2151 778.
479 2069 515 2133 F.
540 2068 615 2151 781.
631 2071 671 2134 E.

231 2185 234 2193 '
272 2170 347 2251 276.
364 2166 408 2231 D.
423 2167 471 2252 ν’.]
496 2167 623 2233 Gellius
636 2169 680 2231 X.
699 2183 751 2252 15.
766 2190 805 2232 ex
820 2167 974 2233 Massurio
990 2167 1126 2232 Sabino:
1149 2165 1275 2232 Flamen

227 2266 528 2354 Dialis-uxoremst
539 2265 791 2354 amiſst‚fiominio
804 2270 924 2332 decedit.
955 2268 1182 2333 Matrimonium
1196 2268 1274 2333 Fsa·

226 2371 312 2435 minis
333 2370 390 2456 rufi
409 2382 497 2433 morte
518 2370 616 2435 dirimi
636 2393 693 2434 non
713 2368 753 2454 est
760 2371 827 2458 jus.
872 2370 1024 2437 Flaminis
1043 2370 1148 2437 Dialis
1170 2372 1273 2453 uxori,
1340 2408 1344 2414 ·

226 2471 425 2551 Flaminicae,
440 2471 653 2563 quorumdam
675 2472 871 2560 religionum
885 2495 996 2539 curam
1011 2473 1202 2539 attributam
1220 2475 1275 2540 fu·

226 2572 293 2653 isse,
314 2585 428 2638 notum
451 2573 506 2637 est.
552 2572 640 2638 faoi
662 2573 721 2639 sub
743 2574 933 2640 Domitiano
953 2575 1121 2664 singularis
1140 2577 1212 2642 haec
1231 2577 1277 2642 est

227 2674 397 2760 memoria.
442 2674 582 2740 Censore
604 2675 705 2742 altero
727 2689 870 2756 mortuo,
885 2677 1024 2742 alterum
1046 2700 1176 2766 quoque
1197 2665 1294 2745 censs

228 2777 301 2845 sura
322 2777 353 2843 se
376 2776 524 2843 abdicare
545 2777 699 2859 debuisse,
715 2779 914 2846 documento
929 2779 1003 2845 sunt
1015 2779 1080 2845 loci
1093 2782 1274 2848 Veterum:

226 2880 310 2947 Livii
323 2882 367 2946 V.
381 2901 437 2967 31.
451 2880 513 2945 VI.
529 2899 583 2965 27.
600 2882 660 2946 ΙΧ.
674 2901 729 2968 34.
759 2881 869 2970 Hujus
885 2881 1084 2947 Plutarcheae
1099 2883 1276 2950 mentionis'

227 2980 420 3047 auctoritate
442 2983 608 3052 censuram
627 2983 753 3048 AEmilii
773 2983 886 3050 Scauri
905 2998 939 3048 et
954 2983 1036 3048 Livii
1050 2984 1144 3049 Drusi
1164 2985 1278 3052 retulit

228 3082 263 3148 in
272 3084 316 3148 A.
327 3082 372 3148 U.
382 3083 571 3149 DCXLIV.
589 3084 721 3171 Pighius
730 3085 851 3149 Annel.
863 3086 958 3173 Meg.
975 3088 1063 3152 R.T.
1078 3087 1141 3152 III.
1154 3107 1188 3173 p.
1202 3090 1277 3156 126.

227 3185 361 3250 Nomen
377 3186 460 3263 Τηΐος
478 3186 511 3249 in
535 3185 688 3250 omnibus
709 3187 752 3250 est
772 3186 862 3251 libris
884 3199 1020 3274 excepto
1039 3191 1132 3255 Mez.
1148 3202 1183 3255 et
1196 3191 1277 3279 Xyl.

228 3286 340 3375 quiex
354 3286 486 3375 ingenio
498 3289 607 3365 Ἀτηΐος
621 3288 844 3374 reposuerunt.
880 3291 984 3380 Atejus
1002 3293 1103 3381 Capito
1115 3292 1275 3382 significa-

228 3401 295 3468 tur,
318 3404 356 3454 ut
371 3378 499 3476 judices
519 3390 647 3455 voffius
667 3390 720 3456 De
742 3391 825 3456 Hist.
848 3394 922 3459 Lat.
945 3395 973 3459 l.
994 3414 1047 3462 21.
1086 3398 1145 3462 Pro
1167 3401 1277 3486 statim

228 3489 321 3555 Mez.
337 3490 425 3556 haud
440 3491 525 3556 male
539 3492 706 3559 annotavit
718 3492 818 3582 serpen

274 3594 348 3678 276.
367 3595 407 3658 Ε.
427 3592 494 3680 ναί]
525 3593 658 3659 Ovidius
680 3595 759 3659 Fast.
777 3595 821 3660 V.
845 3595 1006 3683 129.·seq.
1029 3597 1278 3664 accommodate

229 3695 296 3762 sere
315 3696 392 3762 huic
405 3697 595 3786 Quaessioni.
639 3698 691 3762 De
707 3696 876 3786 Chrysippi
890 3698 1010 3785 placito
1025 3699 1156 3765 subinde
1170 3701 1280 3789 loqui·

229 3810 285 3865 tur
299 3799 490 3865 Plutarchus
503 3799 555 3864 De
570 3798 643 3863 Ifid.
659 3812 694 3863 et
709 3799 788 3865 Osrr.
803 3822 836 3887 p.
849 3803 925 3886 360.
942 3803 986 3868 D.
1008 3803 1062 3870 De
1079 3805 1178 3869 Orac.
1196 3806 1277 3871 Def.

228 3916 306 3988 419.
324 3904 367 3968 A.
393 3902 445 3967 De
460 3900 598 3967 Stoicor.
613 3902 763 3990 Repugn.
784 3919 878 3988 ¹05¹·
894 3903 936 3984 C,
950 3904 995 3969 D.
1017 3909 1120 3994 Λαςῶν
1133 3907 1279 3974 malebat

174 4060 179 4075 ,
229 4003 323 4067 Mez.

274 4125 309 4191 p.
324 4118 397 4188 277.
416 4103 459 4167 Α.
479 4101 547 4190 vost]
573 4103 707 4169 Menam
723 4104 866 4169 Gmetam
879 4104 957 4171 dicit
972 4129 1042 4172 eam
1057 4131 1156 4195 quam
1171 4111 1279 4177 varro

94 4248 97 4253 -
230 4203 284 4271 De
306 4204 404 4293 Ling.
423 4206 501 4271 Lat.
522 4206 673 4293 v111.p.
697 4226 768 4293 113.
794 4222 828 4272 91
851 4207 1040 4288 Macrobius
1061 4211 1130 4275 Sat.
1147 4212 1176 4276 I.
1193 4227 1225 4295 7.
1241 4233 1277 4298 p.

233 4327 307 4389 220,
325 4327 399 4377 221.
422 4309 567 4377 Maniam
580 4310 680 4376 Deam
694 4323 814 4376 matrem
828 4311 955 4378 Larum.
984 4312 1139 4400 Appofite
1154 4313 1278 4382 Plinius
