2714 4770
196 331 254 394 390
280 350 282 355 -
336 316 375 374 o.
396 314 444 370 w.
467 309 664 371 ΑΝνΜΑυν.
686 311 731 369 1u
752 308 991 369 plurarem
1016 306 1107 367 um.

196 474 325 541 Phocic.
343 496 377 561 p.
389 475 463 539 80'0.
475 494 494 536 a
508 494 574 558 quo
588 469 819 557 lDaiphaotus
834 467 977 551 Δαιφᾰννς
994 479 1160 533 vouotur.
1197 464 1259 528 Va·

195 576 279 641 riant
294 576 326 640 iu
342 574 456 640 eodem
477 572 609 638 nomine
622 571 700 638 Ald.
715 585 750 637 et
765 570 852 637 Coll.
873 570 1009 637 Schott.
1029 569 1094 658 qui
1110 568 1260 652 Δαΐφαντον

195 679 328 744 hubent.

199 774 203 783 ’
237 779 314 865 558.
330 781 368 845 Β.
388 780 574 867 Λυκορμοιῐονς
593 780 641 842 καὶ
660 777 826 853 Σατνλαῐονς
844 805 874 843 κ.
894 802 925 840 τ.
947 774 999 860 λ.]
1029 775 1176 839 Horum
1190 795 1260 838 wo

197 881 354 946 memoria
373 882 438 947 lere
458 882 599 948 extin6ia
613 881 674 946 else
689 880 824 946 videtur.
868 881 1057 967 Lycormas
1074 875 1257 942 Phocicum

197 1004 315 1048 nomen
338 985 410 1064 elle,
427 1007 467 1049 ex
491 982 642 1049 Pausania
663 983 762 1048 Phoc.
785 1005 818 1069 p.
834 982 908 1062 814.
924 979 1083 1047 observat
1101 978 1256 1046 Reilkiut.
1340 1038 1343 1045 .

195 1083 346 1172 Ejusdem
369 1085 521 1164 nominis,
541 1099 575 1175 et
597 1084 697 1149 homo
718 1082 836 1150 fabulis
858 1084 974 1161 fertur,
999 1104 1034 1148 v.
1057 1104 1095 1148 c.
1122 1080 1160 1148 in
1184 1081 1259 1147 Silio

198 1188 271 1253 Ital.
292 1191 329 1252 L.
351 1190 395 1252 ll.
419 1187 459 1252 vs.
474 1190 562 1276 367„
580 1201 614 1253 et
635 1187 749 1252 fluvius
769 1185 899 1253 AEtoliae
919 1185 1000 1266 fuit,
1017 1199 1060 1250 ut
1077 1186 1257 1251 contium

196 1289 319 1370 libello,
337 1290 393 1378 qui
417 1290 590 1356 Plutarcho
613 1288 779 1369 tribuitur,
800 1290 838 1353 de
850 1287 965 1376 fluviis
993 1310 1030 1376 p.
1054 1308 1166 1375 1152.
1210 1290 1258 1354 Ao

197 1392 280 1457 forte
306 1393 468 1478 Λνκωρείοις
497 1392 616 1480 scripfit
642 1393 777 1458 Noster?
808 1406 867 1457 aut
889 1391 1019 1457 incolae
1042 1391 1173 1458 saltem
1196 1395 1256 1481 Ly·

195 1495 292 1559 coriae
314 1495 522 1582 fignificavit?
547 1495 621 1561 Fuit
643 1481 713 1559 huc
735 1484 894 1583 oppiduni
915 1515 1026 1582 prope
1043 1495 1256 1583 Delphoa,r.

197 1597 310 1685 steph.
326 1599 407 1685 Byz.
421 1600 463 1662 V.
486 1599 634 1686 Λνκώςονα
655 1610 690 1662 et
711 1601 771 1663 ΕΖ.
792 1597 971 1686 Spanbem.
992 1597 1040 1663 ad
1056 1597 1256 1664 callimach.

198 1700 243 1764 H.
258 1696 369 1787 Apoll.
384 1698 427 1763 vs.
446 1720 493 1785 19.
538 1698 604 1765 Sed
617 1702 881 1789 Lycormaeorum
896 1698 1054 1786 quamvis
1070 1698 1111 1767 in
1129 1701 1258 1766 obscuro

197 1800 296 1866 lateat
311 1801 402 1878 ratio,
414 1801 579 1866 obscurior
593 1815 701 1867 tamen
716 1802 760 1866 est
775 1792 1005 1866 Satilaeorum=
1026 1799 1164 1869 honum
1179 1801 1255 1867 euim

197 1902 284 1990 quod
304 1903 399 1969 sciam
423 1926 464 1968 ne
486 1903 651 1991 vestigium
667 1903 798 1991 quidem
814 1903 963 1969 reliGlum
980 1903 1182 1971 eth-Hoc
1193 1904 1260 1970 looe

197 2026 273 2071 cum
298 2005 440 2087 mirarer,
468 2005 630 2070 Plutarchi
655 2004 763 2071 adhuc
790 2017 885 2070 aetate
909 2004 1020 2086 fuiffe,
1044 2006 1114 2095 qui
1138 2006 1260 2097 generis

198 2107 357 2196 originem
392 2107 433 2172 ad
461 2107 638 2172 Herculem
667 2107 834 2187 referrent,
862 2128 1078 2195 quamquam
1112 2110 1259 2186 sciehat,

198 2212 337 2298 posteros
353 2213 437 2276 forte
455 2225 647 2298 agnatorum
669 2224 727 2276 aut
748 2213 872 2298 Spartae
892 2232 1017 2298 regum
1039 2225 1136 2280 *aut
1154 2216 1259 2280 Muoe·

95 2381 97 2391 ,
198 2312 304 2377 doniae
320 2311 497 2397 superstites
515 2310 576 2376 ¹else
596 2312 751 2398 potuisse:
775 2312 874 2378 incidi
895 2311 928 2378 iu
951 2312 1119 2382 amicum
1137 2317 1200 2406 qui
1216 2310 1260 2382 mi

198 2412 262 2478 hoc
276 2420 383 2478 erro're
399 2411 559 2492 liberaret,
577 2413 661 2498 Quin
682 2426 726 2494 tu,
746 2413 864 2494 aiebat,
879 2415 932 2478 hoc
946 2415 1069 2482 mirari
1086 2418 1178 2486 nolit
1198 2442 1260 2500 m
1297 2494 1301 2503 ,

197 2526 226 2578 ct
248 2512 344 2600 nostra
362 2526 454 2579 aetotc
471 2514 619 2579 bominum
636 2515 766 2604 gloriosa
786 2531 904 2605 corpora
921 2519 1080 2606 producit
1096 2521 1205 2604 tellus,
1217 2521 1261 2611 qui

187 2618 305 2705 fimilia
312 2621 459 2706 jauando
474 2644 560 2683 aures
574 2621 653 2684 nobis
667 2621 842 2686 obtundant.

239 2725 316 2809 558.
332 2725 370 2787 B.
394 2722 552 2809 Φνλοσοφῖᾳ
567 2723 739 2811 πρέποντος]
767 2723 845 2788 Ald.
861 2722 931 2789 Bas.
946 2727 1138 2812 φιλοσοφίας
1149 2730 1259 2819 σμέν-

198 2856 265 2916 ros.
286 2828 378 2893 Harl.
393 2827 557 2911 φιλοσοφίας
571 2828 730 2915 πρέποντος.

206 2943 208 2947 ’
239 2932 316 3017 558.
340 2931 381 2996 C.
404 2931 606 3019 Συνεκτςὲχενν
628 2931 740 3019 latim]
765 2931 924 2996 Venustus
937 2932 985 2996 est
999 2946 1039 2998 et
1055 2958 1141 3003 raro
1154 2936 1259 3003 obvio

198 3031 253 3096 hic
270 3031 354 3096 verbi
374 3031 568 3118 συνεκτρέχειν
584 3033 667 3113 usus,
683 3055 749 3119 quo
765 3047 856 3098 notat
870 3034 1001 3121 qusdaem
1024 3039 1092 3123 effe
1114 3064 1185 3105 am
1207 3037 1258 3102 ali-

198 3156 255 3218 quo
273 3132 501 3219 magnitudinis.
546 3136 624 3200 aSic
641 3136 765 3201 Phintia
784 3135 921 3223 Pythag.
937 3157 995 3222 ap.
1012 3139 1127 3206 Stob.
1143 3162 1181 3229 p.
1192 3141 1257 3224 487.

198 3234 417 3321 ι)σννεκτρε’χενν
431 3238 570 3312 ἀλλάλονς
584 3238 665 3302 dixit
680 3239 720 3304 de
735 3240 840 3303 marito
858 3252 886 3303 et
904 3262 1005 3320 uxore,
1020 3243 1085 3330 qui
1102 3244 1140 3309 in
1155 3243 1259 3332 nuptiis

197 3335 309 3425 pari‘et
323 3350 420 3400 mutuo
432 3362 530 3403 amore
532 3339 596 3424 fibi
611 3343 790 3429 respondent.
830 3341 995 3407 Lucianus
1009 3343 1064 3410 T.
1084 3349 1116 3412 I.
1138 3369 1177 3435 p.
1191 3367 1258 3433 493.

81 3477 84 3483 Δ
200 3442 393 3527 συνεκδραμεῖν
414 3447 453 3526 τῷ
474 3440 579 3528 ἀνέμῳ,
599 3455 715 3508 tantum
733 3445 855 3532 provehi
876 3456 1025 3531 quantum
1053 3462 1177 3516 ventus
1197 3468 1258 3540 pm·

197 3539 295 3631 pellit.
338 3543 487 3608 Julianus
503 3545 561 3611 Or.
579 3547 623 3611 ll.
639 3569 671 3633 p.
682 3566 737 3631 54.
755 3549 792 3612 B.
809 3549 942 3612 συνεκθεῖν
964 3547 1035 3615 τινί.
1081 3554 1210 3620 Suidus
1222 3554 1258 3619 V.

200 3646 384 3735 Δημοχάρης.
429 3648 470 3712 Et
490 3646 523 3711 in
548 3647 634 3713 hunc
658 3672 786 3736 quoque
808 3649 931 3714 sensum
954 3651 1189 3741 accipiendus
1205 3656 1259 3722 elle

232 3870 393 3931 roaiphanti
413 3871 489 3917 vitam
512 3870 558 3932 ipse
578 3869 697 3932 descripsit
778 3879 790 3902 ⁸
806 3870 845 3917 sic
869 3870 899 3918 de
924 3873 1042 3922 amicitia
1070 3877 1260 3930 fimitimdim

203 3950 323 3997 Plutarch.
336 3965 359 3997 v.
371 3950 441 3997 Phot.
457 3960 549 4011 plu.
564 3949 581 3997 l.
594 3961 634 3998 us.
667 3951 697 3998 lit
746 3949 1261 4023 amplificavittua.adfluenu.lv.p

201 4031 249 4077 hoc
260 4033 292 4077 est
303 4032 369 4090 quod
381 4030 490 4077 lleilkius
501 4029 651 4092 fignificaiit.
747 4039 786 4080 οι.
798 4034 822 4079 b.
833 4034 871 4079 ed.
883 4033 961 4081 Berol.

233 4116 246 4142 ¹
259 4111 349 4160 Meurs.
363 4112 416 4159 Lac.
427 4111 520 4172 Regno.
531 4112 696 4161 Muziriamd
777 4113 789 4146 ὓ
806 4113 953 4179 ινννξίνμχν.
972 4118 991 4164 f.
1007 4122 1208 4178 restituendum
1219 4127 1262 4176 1¹22.

201 4193 245 4254 Ep.
262 4193 334 4240 ovid.
352 4193 417 4240 cituti
437 4193 547 4241 Fabricio
564 4195 590 4240 Β.
608 4193 640 4241 G.
651 4195 695 4241 lx.
747 4195 819 4256 napio
828 4210 866 4257 ap.
878 4194 946 4242 Suid.
956 4210 982 4244 ν.
994 4197 1124 4256 Αἷλκνὸς.

200 4285 275 4335 put.
