2714 4770
230 320 288 411 tls
368 293 407 395 o.
428 335 477 393 w.
498 334 692 397 anmanv.
713 331 759 392 nr
778 306 1013 393 raurancur
1036 332 1116 393 mn.

227 505 267 559 ut
286 492 343 559 dat
361 515 472 582 margo
491 491 610 559 codicia
629 491 758 574 Veneti,
772 507 806 558 et
824 489 1031 580 conjecerunt
1047 493 1137 558 Mez.
1152 491 1262 558 Bentl.

228 593 352 660 Markl.

269 717 288 783 3
291 715 346 782 57.
366 699 402 762 F.
425 698 458 761 ri
477 698 641 781 δενκνῦμννον
662 702 753 773 αὐτοῖς
774 687 887 762 silom
908 699 1045 784 ἀνθρώπου
1063 695 1264 774 τεθνηκότος-ν-

226 799 419 886 hanapum]
445 801 575 865 Morem
594 800 682 866 hunc
695 800 1083 890 AEgy'ptiorum'proxime
1096 788 1172 864 ante
1186 800 1263 864 Ma·

227 900 348 965 nerotis
362 901 571 981 mentionem,
583 902 680 967 refert
694 902 879 968 Herodotus
896 903 941 967 II.
957 904 1010 986 78.
1025 914 1058 966 et
1074 900 1264 966 Plutarchus

223 987 369 1066 «indidem
387 1018 545 1067 memorat
565 1002 596 1067 in
617 1004 683 1068 Vll
703 1005 778 1090 Sap.
800 998 903 1068 Cone.
918 1025 951 1089 p.
967 1000 1095 1083 nain.
1110 1002 1166 1066 ubi
1181 997 1262 1068 alio·

225 1122 298 1169 rum
314 1102 386 1168 loca
398 1103 631 1170 annotavimus.
677 1105 714 1169 In
730 1104 962 1173 constructione
975 1105 1145 1170 verborum
1163 1103 1264 1169 subest

225 1195 304 1292 quid
325 1205 518 1291 asperitatis3
544 1229 616 1271 narn
637 1205 691 1270 illa
709 1194 1135 1295 dorsg‘o’rplan—lancalysocr
1152 1220 1262 1271 utrum

226 1306 394 1372 continuet
421 1307 610 1374 Plutarchus
637 1308 902 1374 antecedentibus
930 1323 1094 1395 tamquam
1124 1308 1262 1372 aliorum

220 1408 409 1496 'opinionem
433 1411 582 1490 referens,
606 1433 646 1475 an
672 1433 711 1475 ex
735 1411 790 1476 sua
815 1411 879 1497 ipse
905 1412 1037 1498 persona
1057 1412 1262 1497 pronunciet,

225 1505 361 1576 dubium
383 1512 444 1589 est3
468 1512 555 1598 prius
574 1512 683 1578 suadet
702 1512 879 1578 Infinitivua
899 1517 1085 1600 παρακαλεῖν,
1107 1514 1262 1599 posterius

226 1613 421 1680 indicativus
435 1614 522 1679 ἔστιν.
552 1614 708 1700 Equidem
725 1614 804 1679 illud
819 1614 995 1702 praeferam,
1012 1615 1120 1702 itaque
1135 1615 1260 1704 Xylan·

223 1713 282 1781 der
304 1713 461 1796 reddidit3
490 1714 542 1781 sed
566 1732 643 1780 tunc
669 1715 743 1781 ἔστιν
768 1715 962 1781 mutandum
984 1717 1016 1781 in
1039 1716 1126 1782 aliar:
1157 1741 1262 1805 neque

224 1815 312 1883 enim
331 1818 395 1883 hoc
409 1817 482 1884 loco
496 1817 597 1884 valere
611 1816 703 1904 polilt
720 1819 801 1884 ratio
820 1819 1043 1885 convertendae
1058 1818 1210 1885 orationis
1223 1842 1261 1885 cx

121 1928 127 1943 “
224 1918 355 2007 obliqua
376 1918 409 1984 in
431 1920 564 1999 reblam,
585 1919 626 1985 de
643 1942 707 2007 qua
725 1919 864 1985 diximus
885 1919 926 1985 ad
947 1923 1015 1986 Ser.
1037 1923 1141 1986 Num.
1161 1921 1260 1986 Vind.

113 2095 115 2097 .
225 2043 259 2109 p.
278 2028 354 2108 567.
377 2025 412 2088 F.
456 2025 498 2087 Et
519 2022 559 2088 lic
581 2023 684 2110 magia
712 2023 809 2088 etiam
835 2023 1021 2089 Marklandi
1047 2022 1202 2106 οἰνωμένους
1228 2025 1259 2089 in

224 2122 387 2211 obliquam
403 2123 580 2196 orationem
598 2123 784 2210 quadrabit:
809 2125 915 2212 estque
937 2126 1069 2190 verbum
1089 2125 1261 2191 Plutarcho

224 2224 301 2290 alibi
320 2225 505 2312 usurpatum
521 2249 549 2290 v.
564 2247 594 2290 c.
610 2225 757 2312 Sympos.
775 2227 833 2290 lV.
848 2248 881 2312 p.
893 2228 967 2312 672.
984 2226 1035 2292 Αε
1057 2225 1141 2290 πίνειν
1158 2230 1206 2292 καὶ
1221 2234 1260 2310 οἵ·

224 2328 332 2392 nectar
345 2329 733 2415 σαρακαλοῦντεςὰλλῆλους.
765 2329 843 2394 Vll.
857 2348 931 2414 712.
947 2330 994 2394 B:
1017 2331 1088 2412 μῆτο
1101 2332 1151 2393 riri
1165 2331 1259 2412 νηφόν-

223 2453 278 2493 των
291 2428 529 2514 καταφρονεῖσθαι,
544 2428 614 2511 μήτε
629 2428 782 2512 οἰνωμένους
795 2433 885 2516 ἂννᾷν.
928 2429 1073 2516 Scriptor
1094 2433 1145 2496 De
1167 2431 1259 2498 Edu·

224 2544 289 2595 cat.
305 2531 397 2595 Puer.
413 2530 546 2616 p.1.D.
584 2530 674 2595 Plato
687 2533 766 2618 Leg.
782 2533 842 2595 VI.
859 2554 892 2619 p.
905 2537 980 2618 623.
996 2532 1037 2597 C.
1175 2566 1178 2571 ·

265 2648 342 2717 357.
357 2632 393 2695 1².
408 2627 496 2717 Ὧρον
509 2633 535 2693 lv
554 2631 649 2718 Βούτῳ
666 2632 891 2720 τρερὸμωον-.]
919 2631 1028 2721 Hujus
1043 2633 1089 2698 rei
1104 2632 1257 2699 ratioex·

223 2731 354 2816 ponitur
368 2753 400 2818 p.
412 2733 488 2817 366.
503 2732 547 2797 A.

266 2853 299 2919 p.
310 2833 386 2919 358.
401 2834 443 2898 Α.
460 2837 494 2909 εἰς
505 2836 762 2921 τεσσαρεσκαίδεκα
774 2835 857 2923 με’ρη]
875 2836 967 2902 Ratio
980 2835 1124 2901 redditur
1138 2858 1170 2924 p.
1181 2837 1258 2922 368.

223 2932 265 2998 A.
282 2934 337 2999 ubi
352 2935 452 3021 proba
465 2936 569 3001 forma
582 2937 776 3027 δεκατέσσαρα
791 2937 970 3003 adhibetur.
1014 2935 1178 3002 Diodorus
1194 2937 1259 3002 Sic.

224 3036 252 3101 I.
269 3056 322 3105 21.
344 3036 455 3125 viginti
468 3039 558 3126 etsex
571 3037 697 3125 prodit:
722 3039 776 3105 ubi
792 3039 934 3105 videatur
948 3038 1189 3126 Welselingius.

264 3139 341 3222 358.
362 3140 404 3204 Α.
430 3143 477 3217 τὴν
499 3142 526 3202 δὲ
541 3135 615 3204 Ἶσιν
635 3138 783 3222 πυθομένην
804 3145 831 3204 ἓν
851 3142 943 3226 βάριδι
964 3138 1154 3227 παπορῖνῃ-]
1181 3141 1260 3204 Huc

221 3240 362 3326 pertinet
380 3241 477 3326 cymba
490 3241 576 3326 lſsdis
593 3241 646 3306 cui
667 3242 831 3307 interitum
851 3243 1056 3307 minabantur
1071 3242 1102 3306 in
1117 3242 1261 3306 carmine

222 3340 350 3428 magico
370 3340 584 3408 incantatores
599 3343 760 3431 AEgyptii,
781 3345 856 3409 teste
880 3343 1054 3430 Porphyrio
1069 3365 1121 3429 ap.
1142 3344 1260 3409 Euseb.

206 3438 324 3528 'Praep.
345 3445 466 3532 Evang.
481 3445 525 3508 V.
541 3467 574 3531 p.
590 3448 662 3531 198.
676 3446 723 3510 B:
747 3450 864 3521 ἆνενλοὶς
882 3446 1069 3531 προσφέροντα
1090 3449 1261 3528 ἐκφοβεῖν-

220 3541 260 3609 dn
276 3543 321 3608 rh
342 3547 449 3630 οὐρανὸν
466 3546 645 3635 προσαρᾶξεν,
662 3549 709 3610 καὶ
724 3551 761 3612 τοὶ
776 3551 883 3634 κρυπτοὶ
902 3545 1058 3623 τῆςἼσνδος
1070 3550 1193 3629 inparti,
1209 3551 1259 3611 καὶ

127 3676 138 3739 J
219 3647 251 3710 ri
266 3649 415 3734 ἕνἈβόδορ
430 3649 575 3735 ἀπόρρητον
589 3649 679 3728 δείξει,
699 3650 746 3730 καὶ
759 3653 808 3733 σὴν
824 3648 905 3735 βάριν
926 3649 1035 3728 στήσει,
1058 3649 1105 3713 aui
1128 3653 1165 3712 rai
1185 3637 1260 3733 με’λνρ

218 3758 267 3816 τοῦ
291 3751 428 3839 Ὀσίριδος
449 3750 621 3815 ὃνασκεδίισον
643 3757 682 3838 τῷ
703 3755 872 3834 Τνρῶνν-·
916 3749 1101 3816 Jamblicho
1123 3753 1261 3839 Myster.

219 3853 299 3941 AEg.
323 3876 356 3941 p.
374 3872 446 3939 147.
493 3856 588 3919 Porro
606 3854 773 3940 Navigium
787 3853 870 3940 Iſsdis
886 3854 997 3918 felium
1014 3854 1047 3918 in
1065 3853 1263 3920 Calendario

220 3954 384 4020 Romano:
401 3955 442 4021 de
456 3978 521 4043 quo
534 3955 732 4022 Jablonlkius
748 3950 901 4051 Opulcul.
916 3956 956 4019 T.
974 3957 1018 4019 Il.
1035 3977 1068 4042 p.
1079 3957 1156 4042 306.
1197 3958 1262 4021 Pa-

219 4076 370 4146 pyraceaa
379 4058 608 4146 AEgyptiorum
621 4058 752 4145 cymbas
764 4054 945 4145 complures
957 4068 1178 4122 memorarunt
1192 4059 1266 4125 Ηοὲ

219 4157 352 4225 rodotua
360 4160 408 4262 ll.
420 4161 473 4246 96.
501 4159 739 4248 Theophrastus
754 4157 836 4224 Hist.
853 4157 957 4224 Plant.
973 4160 1032 4226 IV.
1044 4181 1074 4245 9.
1106 4162 1265 4228 Lucanus
