2714 4770
86 424 93 433 .
214 336 273 420 236
363 336 1110 454 1>;·w.tN1MADV.1NP1.uuARcm1.m3

210 499 311 593 ueluti
323 497 480 587 Basilidis,
498 497 718 580 Valtntiniani,
731 499 819 588 apud
834 500 1051 589 Epiphanium
1066 501 1119 567 De
1134 501 1260 567 Haere·

209 605 275 671 fib.
290 605 336 669 11.
360 622 414 685 24,
428 621 483 688 3¹·
529 601 729 690 carpocratis,
752 601 919 684 Ptolemaei,
942 603 1092 686 oliorum,
1111 624 1259 692 quorum

207 728 258 774 ren
285 719 321 772 et
346 704 516 793 opiniones
543 703 726 793 conscripfit
752 727 793 771 ex
820 705 1052 773 recentioribus
1079 705 1114 773 in
1140 704 1259 793 primis

108 812 113 817 ’
207 807 419 877 Beousobriuo
435 806 468 872 in
484 807 623 873 Historia
636 807 886 874 Moniehaeismi.

250 933 285 999 p.
300 928 377 997 370.
392 910 437 975 A.
458 910 573 984 -νιοὺς
586 913 624 986 εἰς
637 911 688 974 ὠὸν
702 908 804 995 ἔνορκον]
828 909 979 999 Cognata
991 909 1063 977 hreo
1076 909 1189 998 opinio
1204 911 1258 976 fo·

65 999 67 1005 ⁵
152 1004 156 1017 ’
194 1015 294 1083 bulte
315 1012 480 1101 Orphiote‚
498 1033 594 1077 ovum
618 1011 811 1099 principium
832 1035 939 1078 rerum
956 1011 1098 1092 facienti,
1115 1013 1257 1101 prodite

108 1168 113 1180 .
206 1115 415 1187 nPlutorcho
435 1115 552 1204 Symp.
570 1115 615 1179 11.
629 1133 664 1202 3.
684 1137 718 1203 p.
734 1117 809 1201 635.
824 1117 864 1181 E.
887 1116 1025 1202 636..D.
1048 1115 1188 1204 indeque
1201 1139 1256 1182 re-

206 1219 318 1309 petitae
344 1239 364 1282 o
387 1215 559 1283 Macrobio
580 1217 650 1282 Sat.
673 1217 827 1287 v11.16.
851 1237 883 1304 p.
903 1217 979 1303 638.
1023 1216 1257 1305 Athenagorae

206 1325 324 1411 legat.
342 1321 409 1386 Pro.
421 1317 592 1385 Christian.
608 1341 641 1406 p.
657 1320 709 1385 18.
724 1321 764 1385 B.
799 1319 988 1385 Damasciut
1003 1319 1055 1385 De
1072 1318 1256 1408 Principiis,

207 1426 362 1511 Exoerpt.
385 1422 418 1489 in
437 1420 553 1488 Wolfii
573 1421 736 1488 Anecdot.
755 1420 880 1487 Graeoin
897 1423 937 1488 T.
958 1417 1021 1486 111.
1045 1443 1078 1506 p.
1094 1440 1170 1508 252.
1209 1424 1255 1491 Et

205 1525 294 1614 opud
306 1525 386 1590 olion
399 1522 537 1611 populeo
549 1521 651 1611 viguit
666 1522 776 1611 opinio
790 1538 827 1588 ut
841 1524 978 1589 affirmat
990 1523 1255 1590 Eichenbachiuo

206 1630 240 1696 in
258 1629 404 1717 Epigene
423 1627 558 1714 Orphio.
577 1647 611 1713 p.
630 1645 809 1712 111-113.
826 1688 829 1697 ,
855 1624 985 1714 Boylius
1006 1627 1040 1692 in
1062 1629 1153 1694 Voce
1173 1627 1255 1692 Ari·

120 1804 122 1809 ,
204 1732 334 1829 mitt.
377 1728 581 1798 anlonssriuo
597 1728 711 1796 Panth.
727 1730 807 1818 AEg.
822 1730 857 1796 P.
875 1730 902 1796 Ι.
917 1752 952 1817 p.
964 1748 1019 1812 42.
1034 1730 1099 1818 seq.
1129 1731 1253 1817 Opuse.

207 1839 254 1904 11.
268 1857 303 1924 p.
313 1850 391 1922 315.
417 1886 420 1892 .

224 1940 227 1945 ’
248 1953 325 2027 370.
334 1937 375 2003 C.
390 1936 557 2020 &odmen
571 1935 600 2000 δι’
613 1937 736 2022 φρομ]
753 1934 918 2002 Credibile
928 1938 972 2003 est
983 1936 1047 2004 hoc
1062 1936 1253 2026 Theopom-

204 2051 284 2133 pum
300 2039 470 2130 prodidiffe
486 2038 633 2104 Historiae
649 2037 835 2127 Philippico
849 2037 932 2105 libro
945 2040 1043 2108 VIII.
1063 2039 1151 2106 unde
1164 2039 1254 2129 ejus·

165 2222 169 2229 ,
203 2146 280 2213 dem
297 2145 339 2217 de
353 2143 464 2231 Magio
478 2142 703 2209 auetoritntem
718 2141 851 2208 adhibet
863 2141 1030 2230 Diogenes
1045 2145 1155 2208 Laert.
1171 2145 1253 2209 Pro·

205 2270 283 2314 oem.
297 2247 329 2329 ξ.
343 2246 375 2310 8.
409 2245 447 2308 In
464 2243 641 2331 conjundto
655 2265 731 2309 eum
745 2258 939 2331 argumento
954 2242 1035 2309 citat
1050 2244 1168 2310 AEneon
1180 2246 1255 2312 Go-

205 2371 293 2417 zteuo
307 2346 440 2434 Dialog.
454 2347 508 2411 De
521 2347 587 2411 An.
604 2345 784 2412 Immortol.
800 2367 834 2432 p.
845 2361 903 2431 77:
920 2348 972 2411 iii
986 2348 1172 2436 Ζωροάστρης
1183 2366 1256 2437 epo·

203 2451 295 2538 tipo,
314 2452 349 2525 ὥς
368 2449 449 2513 ἔσται
467 2450 535 2513 rori
552 2447 651 2536 χρόνος
666 2451 692 2512 ἐν
705 2446 728 2534 ᾧ
739 2448 849 2513 πάντων
869 2456 968 2538 νεκρῶν
987 2450 1144 2526 ἀνάστασις
1156 2451 1253 2517 ἔσται·

203 2557 271 2624 otto
282 2552 470 2636 ὄΘνᾶνοριπός
480 2552 495 2618 ὃ
505 2554 594 2640 λέγω·
607 2551 664 2618 ubi
677 2551 819 2618 notanda
834 2552 880 2617 vis
892 2553 978 2618 verbi
992 2554 1070 2634 nider,
1082 2555 1178 2634 novit,
1191 2575 1253 2642 pro

201 2659 306 2751 rosen,
320 2656 396 2744 ostis
408 2656 461 2744 est.-
476 2657 518 2722 de
531 2678 597 2745 quo
611 2655 756 2722 dicemus
771 2656 812 2720 od
827 2655 957 2721 Romul.
975 2678 1007 2744 p.
1018 2674 1070 2739 24.
1086 2658 1130 2724 A.
1163 2658 1252 2724 Ani-

202 2784 290 2830 mom
313 2784 379 2826 non
402 2760 549 2826 umbram
563 2758 674 2848 jacere
692 2772 726 2824 et
745 2757 856 2846 Magio
870 2757 1027 2824 traditum
1041 2773 1164 2826 etcum
1179 2760 1253 2826 aliis

202 2887 378 2932 commune
392 2861 562 2950 placitum,
574 2861 742 2950 attigimus
754 2859 796 2926 ad
810 2859 880 2927 Ser.
895 2861 1000 2926 Num.
1011 2861 1113 2928 Vind.
1128 2883 1162 2950 p.
1171 2865 1253 2949 564.

197 2967 245 3034 C.
260 2966 317 3032 ubi
332 2966 425 3054 plura
439 2964 607 3030 addemus.
1135 2960 1138 2965 ’

243 3084 320 3156 370.
335 3070 374 3132 Β.
397 3066 563 3150 Θεόπομπος
577 3064 605 3131 δι’
620 3085 686 3145 φησι
701 3070 778 3131 κατὰ
796 3068 858 3142 τοὺς
877 3068 1068 3155 Μᾶγους-],
1083 3067 1250 3157 Anqueti-

200 3172 264 3238 liuo
284 3170 452 3235 Petronius
475 3169 509 3233 in
529 3168 616 3233 notio
635 3168 675 3233 ad
696 3169 939 3235 Zendauestam
953 3173 991 3236 T.
1008 3171 1053 3236 11.
1069 3192 1104 3258 p.
1115 3191 1194 3256 420.
1210 3198 1253 3242 ex

202 3272 370 3341 Chronico
387 3271 549 3337 Hamzahi
568 3270 817 3357 Hispahonenfio'
834 3273 916 3337 citat
937 3272 1088 3338 traditam
1102 3275 1250 3365 antiqui·
1313 3309 1315 3312 ·

197 3390 254 3444 tus
281 3374 467 3461 opinionem
498 3375 607 3438 Deum
634 3373 792 3438 summum
825 3374 902 3440 huie¹
926 3375 1051 3442 mundo
1074 3376 1250 3447 duodecim

199 3476 289 3545 mille
303 3499 404 3542 annos
419 3475 598 3542 durationis
612 3475 824 3542 constituisset
848 3477 950 3543 tribus
970 3478 1115 3545 millibus
1134 3480 1252 3568 primis

49 3605 52 3617 ·
198 3594 234 3649 et
247 3579 355 3647 alteris
370 3580 508 3646 liberum
523 3602 543 3645 a
556 3577 643 3644 maio
661 3578 770 3644 fuisse:
794 3579 911 3667 septies
932 3581 1100 3648 millesimo
1112 3583 1248 3650 Arima-

70 3727 72 3731 <
200 3685 293 3752 nium
311 3684 426 3750 venisse
443 3698 478 3748 et
500 3682 585 3748 malo
606 3681 699 3747 bonis
720 3682 928 3749 admiscuisse.
971 3687 1137 3751 Memorat
1158 3686 1249 3754 idem

199 3787 289 3853 hunc
303 3772 509 3874 Theopompi
523 3782 646 3851 locum.

241 3907 318 3977 370.
335 3890 375 3955 C.
399 3891 537 3954 Χαλδαῖοι
553 3887 637 3973 δί-]
661 3888 788 3954 Diserte
804 3887 968 3955 Chaldaeis
980 3889 1115 3978 affigunt
1127 3892 1248 3960 Sextus

197 3991 322 4079 Empir.
342 3991 475 4057 Advers.
500 3989 661 4056 Mathem.
685 3991 727 4056 V.
746 4009 806 4077 29:
830 3999 884 4056 τῶν
904 3992 932 4055 di
952 3992 1077 4079 ἀστέρων
1096 3991 1179 4069 ἐνίους
1195 3996 1251 4078 μὲν

199 4093 381 4181 ἃγαθοονονοὺς
395 4094 462 4156 εἶναι
483 4092 625 4178 λέγουσιν,
640 4091 723 4167 ἐνίους
745 4094 772 4157 δὲ
793 4094 968 4173 κακοπονοὺς,
981 4099 1057 4171 τινὸς
1072 4096 1100 4160 ii
1119 4099 1168 4161 noi
1183 4122 1249 4162 κον·

196 4195 265 4272 νοός·
287 4194 339 4258 οἷον
363 4195 543 4279 ἀγαθοπονοὺς
566 4195 618 4275 μὶν
638 4195 685 4258 τὸν
705 4201 754 4258 τοῦ
776 4197 842 4270 Διὸς
865 4196 913 4260 καὶ
934 4197 981 4261 τὸν
1001 4203 1050 4275 τῆς
1069 4199 1247 4288 Ἀφροδίτης·

196 4297 358 4373 nunonis
378 4297 405 4362 di
421 4297 469 4361 riv
488 4302 537 4363 τοῦ
551 4293 649 4384 'Apros
663 4296 711 4361 καὶ
727 4296 842 4382 Κρόνου·
865 4297 995 4367 ἐπίκοινον
1009 4300 1038 4365 di
1051 4299 1098 4365 rit
1111 4305 1160 4364 roi
1171 4303 1246 4388 Ἑρ-
