2714 4770
220 337 459 400 PARALLIILA
477 338 543 399 GR.
563 338 617 399 ΕΤ
636 337 737 400 ROM.
758 358 787 420 p.
801 353 869 418 315.
884 338 983 402 Ο-Ε.
1078 345 1120 424 89

83 502 152 566 doti
178 501 263 591 nescit
282 499 428 587 Bqsnidis
449 521 539 564 arose
560 496 642 565 duos
671 498 796 565 diversi·
823 499 971 566 aetatibus
992 522 1116 590 cogno.

82 604 187 670 mines
199 603 232 669 in
247 624 345 670 unam
359 601 524 690 personam
537 600 684 693 confusos
696 615 788 667 notat
799 601 948 690 Heynius
962 602 1003 670 ad
1015 605 1120 692 Apol·

81 705 188 772 lodor.
205 707 250 770 II.
264 722 297 790 5,
316 723 367 769 11.
381 726 414 791 p.
428 723 509 790 419:
525 703 588 769 hoo
603 702 636 768 in
649 702 719 768 aliis
733 703 843 770 multia
857 704 990 772 fanum.
1033 708 1117 773 Fou-

81 835 152 874 num
168 809 298 897 quidem
314 830 389 879 cum
406 808 480 872 Goon
492 805 659 886 confundi,
675 806 838 873 verisimile
851 807 906 873 est.
1064 839 1070 852 =

127 912 178 976 λθ.
193 928 267 998 315.
283 911 339 996 C.]
357 911 420 975 Cui
436 932 500 976 non
515 909 593 975 item
609 924 705 975 notus
720 910 872 990 Phalaris,
883 911 953 992 bos,
967 912 1116 980 Petilius?

82 1016 132 1078 Ex
152 1014 217 1088 hoo
236 1014 310 1080 loco
331 1013 443 1078 retulit
465 1014 613 1078 Stobaeus
632 1013 715 1077 Flor.
734 1013 800 1078 Tit.
822 1013 980 1079 XLVIII.
994 1034 1029 1100 p.
1042 1034 1061 1101 3
1063 1031 1119 1103 5ο.

53 1159 57 1166 ·
83 1115 242 1203 adscripto
261 1115 391 1181 auiiore
407 1115 440 1180 in
460 1115 604 1202 margine
622 1115 701 1180 edit.
725 1115 822 1181 Gesn.
847 1113 961 1181 Latine
983 1117 1123 1183 Dorothei
1194 1155 1200 1164 ·

83 1219 118 1282 in
132 1219 225 1306 primo
237 1242 333 1282 renam
348 1217 532 1283 simarum:
556 1214 825 1297 Trincavellianae‚
841 1216 977 1306 Δωροθέου
990 1223 1017 1282 ἐν
1031 1223 1120 1286 aia·

82 1329 212 1386 κνλνκῶν.
256 1321 373 1386 Nostro
394 1321 428 1385 in
453 1319 528 1386 loco
551 1324 579 1384 iv
603 1319 716 1408 δευτέρῳ
738 1324 839 1385 Αἰτιῶν
862 1318 903 1385 ad
927 1318 1120 1389 Callimachi

82 1421 169 1487 Aina
200 1421 340 1507 spe8tare
371 1421 507 1488 ostendit
541 1421 755 1487 Ruhnkeniue
783 1420 886 1486 noster
912 1419 956 1486 ad
986 1421 1117 1490 Callim.

83 1524 212 1610 Fragm.
236 1523 360 1589 CXIX.
385 1522 463 1588 edit.
486 1523 605 1589 Emest.
627 1522 704 1590 Vol.
728 1525 756 1588 Ι.
777 1543 812 1609 p.
832 1522 908 1606 487.
931 1535 965 1589 et
986 1524 1118 1612 Epistol.

84 1625 169 1691 crit.
185 1625 230 1690 II.
245 1645 278 1711 p.
293 1623 363 1690 182.
406 1624 616 1712 AEgeiianum
636 1623 831 1711 exemplum,
846 1636 884 1689 ut
902 1622 974 1705 alia,
988 1627 1119 1693 monstri

81 1728 198 1793 fimile:
223 1727 414 1793 Harleianus
436 1728 499 1792 fine
519 1726 649 1793 nomine
667 1727 754 1793 urbis
768 1727 834 1807 dat,
848 1729 900 1790 Ἐν
913 1727 991 1793 πόλει
1005 1731 1056 1793 τινὶ
1070 1735 1118 1807 τῆς

79 1831 218 1905 Ἰταλίας·
242 1852 318 1896 mox
341 1830 459 1917 Σοςῖνος
477 1851 536 1917 pro
554 1834 733 1917 Κενσωρῖνος.
777 1829 920 1895 Aliunde
941 1831 1120 1899 ducebatur

80 1933 275 1998 AEmiliorum
289 1953 407 1996 nomen
423 1933 498 1996 teste
515 1930 684 1996 Plutarcho
698 1931 730 1995 in
744 1932 856 1995 Numa
871 1953 905 2018 p.
921 1935 973 2017 65.
986 1935 1031 2000 D.
1058 1935 1119 2000 AE·

80 2036 154 2101 mil.
171 2032 259 2101 Paul.
274 2055 307 2118 p.
325 2035 398 2117 256.
414 2032 456 2096 A.
502 2033 640 2098 Fortaffe
658 2031 808 2098 confusus
823 2034 866 2096 est
880 2035 1121 2103 commentitiuo
1166 2053 1170 2084 ν’

80 2135 138 2201 hic
165 2133 312 2200 AEmila'us
340 2133 508 2221 Censorimas
536 2154 613 2197 cum
639 2132 841 2198 Albanorum
870 2155 946 2220 rege
972 2135 1119 2218 Amulio,

84 2235 174 2324 quod
198 2256 317 2300 nomen
340 2233 374 2298 in
396 2234 570 2323 majoribus
596 2233 682 2300 iliius
706 2234 815 2322 gentio
838 2249 997 2302 memorat
1022 2236 1119 2305 Silius

82 2337 157 2402 Ital.
168 2339 263 2402 VIII.
279 2338 354 2424 298.

123 2437 166 2523 μ’.
188 2456 261 2525 215.
282 2441 337 2524 Ε.]
362 2440 478 2504 Graeca
500 2438 611 2504 fabula
630 2437 812 2519 celebratur
831 2437 918 2527 apud
936 2440 1118 2528 Apollodo-

82 2566 155 2608 rum
171 2546 198 2608 I.
214 2559 246 2628 7,
262 2543 293 2607 8.
308 2557 341 2608 et
356 2542 472 2608 citatos
486 2542 532 2608 ibi
546 2541 697 2631 Heynio=
722 2556 756 2607 et
774 2543 942 2630 geminum
957 2544 1119 2614 falsarium

81 2645 114 2710 in
128 2645 236 2711 libello
250 2647 302 2710 De
318 2644 434 2710 Fluviis
452 2666 483 2731 p.
499 2658 593 2730 1152.
609 2647 646 2709 F.
682 2645 726 2708 Et
746 2643 906 2711 Bachetus
923 2647 1119 2716 Meziriaoue

83 2771 154 2814 eam
176 2747 288 2834 attigit
308 2746 347 2811 ad
371 2746 465 2812 Ovid.
489 2746 586 2833 Epist.
609 2748 691 2812 Her.
713 2768 747 2833 p.
768 2748 842 2815 281.
887 2749 926 2812 ln
944 2748 1059 2815 Latino
1074 2751 1121 2818 nil
1206 2759 1208 2765 ’

81 2848 166 2913 sani:
190 2847 350 2912 Anienem
373 2845 442 2912 Iliae
463 2847 647 2912 marituma
662 2847 848 2933 quibusdam
867 2847 1031 2933 proditum
1047 2873 1121 2914 nar·

83 2961 133 3012 rat
153 2946 281 3012 Servius
299 2946 340 3032 ad
361 2946 478 3034 Vngil.
502 2948 579 3010 AEn.
596 2948 624 3010 I.
641 2962 715 3032 273.
759 2948 811 3011 De
824 2945 1008 3012 Alexandro
1024 2950 1120 3040 Poly·

83 3050 199 3115 histore
213 3050 344 3114 constat.
667 3066 673 3080 ·

123 3153 186 3236 μα’.
201 3167 277 3238 315.
294 3153 344 3238 R]
370 3153 423 3218 De
440 3150 653 3238 Hegefistrato
672 3173 737 3215 non
757 3171 987 3239 repugnamus,
1004 3148 1142 3240 quam·‘

80 3253 128 3318 vis
148 3253 223 3319 alibi
246 3268 284 3320 ut
305 3254 403 3343 hujus
425 3254 500 3320 faoi·
522 3253 652 3319 aneiore
674 3267 707 3319 et
728 3253 816 3318 urbia
839 3253 1016 3336 conditore,
1031 3258 1120 3345 quod

81 3353 228 3434 sciamus,
251 3379 315 3421 non
337 3368 529 3421 memorato.
574 3357 705 3420 Nomen
728 3355 858 3442 quidem
880 3355 1047 3444 aliquoties
1069 3361 1119 3428 le·

81 3457 172 3544 gitur
184 3457 270 3543 apud
285 3458 504 3536 Herodotum,
517 3471 588 3523 tum
603 3455 700 3523 etiam
716 3459 815 3525 fausto
831 3459 939 3525 omine
952 3484 1119 3529 commen·

81 3560 195 3624 datu'm
213 3561 272 3623 IX.
287 3581 342 3648 90,
358 3582 411 3649 91.
455 3561 679 3626 Diverfitatem
700 3560 813 3625 formae
832 3549 865 3625 in
888 3563 1017 3629 nomine
1032 3566 1120 3632 urbis

80 3664 259 3736 Ἐλαιοῦντος
276 3675 310 3726 et
328 3666 499 3743 Ἐλεοῦντος,
520 3673 672 3727 notarunt
692 3663 856 3728 Pintianus
877 3678 912 3728 et
933 3664 974 3728 Is.
993 3667 1119 3732 Voffius

82 3767 122 3832 ad
144 3768 269 3832 Melam
293 3770 339 3833 II.
363 3788 394 3848 2,
414 3791 467 3857 95.
512 3769 667 3835 Dukerue
688 3769 729 3834 ad
754 3770 903 3858 Thucyd.
925 3772 1021 3836 VIII.
1046 3793 1119 3859 103.

83 3870 274 3935 Praesentem
299 3870 409 3936 iocum
433 3872 574 3958 spefiiare
597 3870 721 3937 videtur
746 3872 933 3937 Scholinstes
958 3873 1119 3963 Aristoph.

83 3973 168 4038 Plut.
183 3974 245 4059 383
259 3997 267 4036 1
292 3973 414 4055 ἱκετηρία
428 3975 487 4037 ἐστὶ
505 3975 605 4049 κλάδος
621 3974 717 4049 inuias
731 3974 793 4062 ipiop
807 3981 897 4060 λευκῷ
909 3977 1119 4063 περνινλημῦνος,

82 4077 117 4149 ὥς
132 4075 323 4163 Πλούταρχος
337 4079 363 4138 ἐν
377 4078 579 4162 Παραλλῆλονς
592 4075 669 4159 φησί.
702 4076 969 4156 Hemsterhufius,
983 4079 1071 4162 nibil,
1087 4096 1122 4147 ut

82 4176 191 4264 opinor,
210 4176 327 4263 inquit,
347 4176 434 4242 aliud
456 4178 487 4241 in
507 4176 559 4241 illo
579 4176 675 4242 libello
695 4177 773 4264 quod
791 4179 836 4241 ad
854 4179 932 4242 hanc
949 4202 1009 4243 rem
1026 4183 1121 4269 perti·

81 4290 160 4344 neat.
188 4279 235 4344 At
248 4278 436 4346 scholiastes
451 4274 600 4368 spemavit
614 4281 708 4346 verba
721 4279 754 4346 in
769 4278 848 4349 Vna
860 4279 974 4348 iiiesei
987 4303 1020 4369 p.
1033 4303 1065 4368 7.
1080 4285 1118 4350 F.
