2714 4770
237 382 276 460 98
387 382 426 441 D.
447 382 495 440 W.
517 380 716 440 ANIMADV.
737 381 782 440 ΙΝ
803 381 1039 455 PLUTARCHI
1059 382 1138 442 ΠΒ.
1201 390 1204 395 ’

127 625 131 642 ι
237 543 334 608 LUS.
350 542 449 606 LEG.
465 541 575 606 AUG.
593 542 658 607 PR.
676 542 740 607 PR.
756 542 959 608 PANNON.
976 543 1065 608 INF.
1077 544 1121 609 V.
1135 543 1169 608 S.
1202 540 1279 607 Cae·

237 658 343 710 terum
359 645 435 710 hino
449 658 582 734 apparet
596 667 668 733 quae
684 644 719 710 fit
733 645 838 710 cauffa
854 645 886 710 in
909 646 1059 712 varietate
1074 644 1222 712 leolionis
1237 645 1277 710 li·

177 742 179 746 ’
236 748 370 814 brorum
392 748 568 813 nostrorum
588 748 627 812 E.
649 746 741 812 Harl.
762 749 895 813 Jnnnot.
917 751 1024 814 Petav.
1043 747 1100 835 qui
1114 769 1174 834 pro
1187 748 1277 838 Maip-

237 864 338 925 κελλος
352 849 504 915 exhibent
516 849 636 937 Μάριος.
682 850 766 914 Nam
784 849 873 937 quod
887 870 964 914 mox
978 871 1011 938 p.
1026 868 1101 936 322.
1118 848 1159 913 C.
1175 848 1209 913 in
1225 870 1278 914 en·

239 949 314 1015 dem
333 973 379 1031 re,
395 949 550 1016 Marcelli
566 969 684 1014 nomen
703 949 855 1036 ponitur3
878 950 922 1015 est
935 949 989 1014 ille
1005 949 1095 1015 locus
1110 969 1278 1035 perperam

238 1052 315 1118 hinc
327 1075 347 1118 a
360 1051 492 1118 librario
507 1051 675 1142 repetitus.

280 1156 356 1241 318.
371 1157 415 1220 D.
432 1152 707 1243 Μέντις-Σκαῦρος
721 1156 869 1242 Alpina]
890 1154 1006 1220 Cicero
1020 1156 1100 1220 Nat.
1115 1155 1219 1220 Deor.
1235 1155 1280 1220 ll.

239 1276 292 1344 23.
338 1259 471 1323 Nomen
484 1256 615 1340 Αἰμίλιος
630 1255 777 1323 scribitur
792 1259 856 1322 hoc
870 1270 905 1322 et
915 1256 985 1323 aliia
998 1256 1099 1322 locis
1091 1279 1125 1321 1n
1138 1257 1233 1322 Harl.
1247 1270 1282 1321 et

160 1353 164 1360 ¹
240 1361 346 1425 Petav.

279 1462 355 1549 318.
376 1465 416 1527 Ε.
439 1414 495 1540 τὴνΙ
508 1463 607 1549 Τύχην
629 1469 664 1550 τῇ
688 1461 813 1548 Ἀνδρεῐᾳ
837 1459 1049 1547 παρωνόμασεν]
1072 1467 1106 1546 τῇ
1126 1461 1211 1548 Τύχῃ
1232 1465 1281 1538 τῆν

153 1624 157 1630 .
234 1565 374 1651 Ἀνδρείαν
389 1593 421 1630 r.
438 1564 526 1652 quod
539 1567 661 1652 praebet
674 1567 714 1645 B,
725 1564 782 1630 dat
796 1586 926 1651 quoque
940 1563 1033 1628 Harl.
1080 1565 1141 1628 Pro
1154 1563 1280 1652 παρονο-

110 1736 113 1741 4
237 1694 328 1752 μασιν
344 1667 516 1733 maluimus
537 1669 742 1755 παρωνόμασοο
763 1683 808 1732 ut
822 1669 911 1733 Mer.
932 1688 1037 1755 neque
1059 1666 1148 1730 enim
1166 1667 1280 1732 Ancus

236 1793 292 1837 rex
307 1793 424 1836 nomen
428 1770 569 1854 fortuna
582 1771 705 1857 primun
719 1769 880 1835 instituille
893 1768 1056 1856 putandus
1064 1769 1125 1849 est,
1140 1768 1191 1833 sed
1206 1769 1279 1834 uni-

161 1876 163 1881 ’
236 1872 323 1938 verse
338 1870 456 1938 Latini.
491 1873 543 1937 Est
557 1886 665 1938 autem
669 1871 800 1959 fortuna
812 1872 973 1957 παρώνυμον
975 1869 1179 1957 forntudann
1215 1870 1279 1936 At·

237 1988 347 2041 tamen
363 1974 446 2039 infra
459 1995 493 2061 p.
510 1994 587 2061 322.
602 1976 647 2041 Ι).
662 1974 718 2040 ubi
735 1973 789 2040 hio
811 1975 904 2039 locus
921 1973 1089 2062 repetitur,
1109 1971 1229 2038 dicitur
1247 1975 1280 2038 ri

235 2082 283 2155 τῆς
301 2078 442 2165 Ἀνδρείας
458 2076 556 2163 Τύχης
578 2079 645 2165 inpia
666 2079 716 2141 ort
738 2075 869 2163 Μαρκίου
884 2075 1140 2165 Ἀγκοο-ἶδςοθὶο
1154 2077 1202 2140 καὶ
1219 2079 1278 2139 lvo·

237 2179 355 2263 μαοθέν·
377 2200 437 2242 neo
453 2192 561 2242 tamen
577 2176 651 2241 inde
665 2177 802 2243 efficitur
814 2192 853 2243 ut
872 2177 921 2241 vel
935 2178 1091 2243 alterutro
1105 2179 1179 2244 loco
1195 2201 1277 2257 vera,

237 2279 287 2344 vel
300 2293 440 2366 utroque
454 2278 551 2344 leffin
566 2278 675 2344 vitiata
691 2279 738 2343 lit.
768 2273 855 2343 lllud
869 2290 1013 2365 apparet,
1026 2279 1196 2365 posteriore
1207 2277 1280 2344 loco

149 2461 152 2471 Ι
237 2402 405 2468 perperam
426 2382 478 2443 Ἀν
478 2379 567 2466 δροίοο
584 2380 683 2466 Τύχην
704 2380 822 2445 fallam
842 2379 904 2445 effe
921 2402 960 2445 ex
974 2402 1013 2445 ea
1026 2403 1099 2468 quae
1114 2381 1187 2446 Fors
1201 2381 1278 2446 For-

237 2495 312 2548 tuna
332 2480 465 2560 dicitur3
488 2481 640 2569 siquidem
662 2505 727 2548 non
746 2483 868 2547 constat
888 2485 1030 2548 Fortuna
1046 2484 1153 2563 Fortis,
1172 2462 1280 2549 Virilis

237 2586 381 2652 Fortuna
405 2585 516 2651 eadem
542 2586 585 2650 est
610 2608 683 2674 quae
704 2571 812 2675 Ἀῥρηο
833 2577 990 2673 Mascula,
1014 2600 1048 2652 et
1069 2585 1110 2653 ad
1132 2587 1277 2653 Servium

234 2688 381 2753 Tullium
405 2688 564 2776 pertinet:
588 2687 630 2753 <le
647 2711 713 2776 quo
726 2709 759 2775 p.
775 2707 851 2775 323.
865 2689 909 2752 A.
955 2688 1180 2754 Consulendue
1195 2711 1278 2777 quo·

236 2811 301 2877 que
315 2791 354 2854 B.
371 2790 543 2857 Brilsonius
558 2791 610 2856 De
625 2790 769 2856 Formul.
786 2791 813 2854 I.
830 2792 882 2875 87.

278 2893 354 2979 318.
370 2894 407 2959 F.
430 2896 481 2982 api
504 2893 673 2978 Καμίλλου]
697 2892 837 2959 Videtur
850 2891 1045 2957 delendum:
1069 2907 1103 2959 et
1117 2893 1280 2960 omittitur

236 3017 271 3082 p.
286 3015 362 3081 322.
378 2998 422 3063 D.

279 3098 355 3183 318.
374 3100 518 3184 F—319.
539 3101 582 3164 A.
606 3099 768 3174 Γυναικοῐας
789 3099 943 3186 Τύχης-]
971 3103 1008 3165 In
1022 3100 1101 3165 Vita
1116 3101 1280 3167 Coriolani

236 3221 269 3287 p.
287 3218 360 3284 232.
376 3200 420 3263 A.
450 3200 621 3288 Dionysius
636 3201 713 3265 Hal.
731 3202 825 3266 Vlll.
841 3203 896 3287 58.
927 3204 1076 3268 Valerius
1092 3205 1183 3269 Max.
1201 3206 1229 3269 Ι.
1246 3206 1279 3284 8,

235 3320 268 3383 4.
286 3303 383 3366 verbo
399 3302 507 3367 Livius
522 3302 568 3366 ll.
583 3323 638 3386 4ο.
676 3303 862 3370 manutius
877 3305 922 3370 D.
939 3306 967 3369 I.
984 3307 1030 3369 ll.
1047 3322 1077 3389 7,
1096 3324 1126 3372 2.

279 3425 313 3489 p.
335 3422 411 3491 319.
434 3406 478 3469 A.
501 3404 615 3492 Φούριος
637 3405 802 3494 Κάμιλλος]
831 3406 1019 3472 Plutarchus
1043 3407 1076 3471 in
1099 3407 1178 3494 Ejus
1200 3407 1279 3473 Vita

234 3505 268 3591 p.
288 3523 361 3586 144.
377 3506 422 3569 D.
460 3505 577 3571 Cicero
596 3507 740 3573 Divinat
757 3510 803 3572 Il.
820 3529 875 3594 32.
914 3511 1016 3574 Varro
1032 3508 1117 3595 apud
1133 3509 1277 3574 Gellium

236 3607 329 3673 XVI.
354 3624 405 3692 17.
443 3609 551 3674 Livius
572 3612 614 3675 V.
638 3631 693 3697 32,
714 3629 767 3697 50.
811 3612 903 3677 Dicit
930 3613 1028 3695 (Dium
1053 3613 1101 3675 nal
1128 3612 1278 3691 Κληδόνος,

235 3711 332 3775 Aium
354 3711 528 3775 Lucetium.-
551 3713 603 3778 De
624 3712 686 3778 illis
708 3713 889 3779 notavimus
909 3714 942 3779 in
965 3714 1047 3780 Bibl.
1065 3715 1146 3779 Crit.
1165 3715 1228 3780 lll.
1247 3732 1277 3779 1.

234 3834 267 3900 p.
284 3815 337 3878 60.

277 3934 353 4001 319.
366 3917 409 3995 Α,
425 3917 464 3981 Β.
480 3917 607 4006 Dignum
608 3917 634 4004 ο]
652 3918 847 4003 (biprrdant
861 3919 931 3983 Bal
949 3919 1026 4007 Xyl.
1041 3919 1149 4007 Φορτηο
1163 3941 1279 4007 margo

232 4017 320 4082 Voss.
337 4019 456 4105 Φόρτημ
470 4021 562 4085 Mez.
599 4020 760 4086 Caesarem
776 4020 899 4107 Populo
917 4023 956 4087 R.
976 4022 1087 4086 hortos
1103 4022 1174 4086 suos
1190 4034 1280 4087 trane

233 4117 378 4189 'liberim
399 4119 472 4184 litos
495 4121 684 4186 testamento
706 4119 833 4207 legalla,
849 4121 996 4186 novimus
1016 4145 1054 4187 ex
1070 4122 1227 4188 Suetonio
1244 4123 1279 4187 in

235 4218 371 4301 Caesare,
386 4223 439 4308 83.
476 4223 585 4289 Dione
600 4223 703 4288 Caffio
718 4224 840 4289 XLIV.
855 4242 910 4310 35.
955 4227 1007 4290 De
1027 4225 1091 4290 hoo
1114 4224 1279 4291 Plutarchi

233 4321 307 4389 looo
314 4321 494 4412 'diligenter
506 4348 544 4392 ac
557 4325 653 4392 doeio
664 4325 808 4424 dilleruit
818 4326 857 4391 B.
871 4325 1043 4392 Brill'oniua
1053 4329 1106 4394 De
1117 4327 1279 4394 Formulir
