2714 4770
253 326 309 387 DE
329 326 493 387 VIR'PUT.
515 326 749 388 MULIERUM.
771 346 800 406 p.
816 346 883 406 245.
898 328 1032 402 (ἶ-246,
1045 329 1081 387 Β.
1165 342 1181 403 7

193 501 267 571 245.
283 485 324 551 C.
347 483 380 550 8.
399 487 590 575 ΑΡΓΕΙΑ1.]
614 485 784 576 Polyaenus
806 486 881 553 hinc
903 487 959 552 suo
981 508 1070 552 more
1084 487 1182 553 VIII.

147 605 207 673 33:
231 586 361 653 uberius
379 587 521 674 prodidit
536 588 702 657 Pausanias
717 590 763 655 ll.
781 608 833 657 2ο.
853 602 1034 676 opportune
1049 611 1185 654 monens

149 687 356 754 Hemdotum
376 691 437 757 VI.
462 706 515 776 77.
538 688 716 771 oraculum,
739 689 827 779 quod
850 689 884 755 in
906 689 970 755 hoc
996 688 1184 778 Argivarum

150 789 321 857 mulierum
336 791 459 859 facinus
475 793 603 874 valeret,
618 805 675 858 aut
690 791 875 858 intellexisse
885 806 942 858 aut
957 815 1021 858 non
1038 791 1186 858 intellex-

150 891 215 958 iffe.
252 895 304 959 De
319 893 503 961 Cleomenis
519 895 604 962 laeto
618 894 758 961 diximus
773 895 805 960 in
821 893 990 983 Apophth.
1007 917 1039 982 p.
1056 913 1130 982 223.
1145 896 1185 961 Β.

149 993 202 1058 De
221 993 359 1081 Telrstlla
380 996 545 1063 Pausanias
566 997 589 1063 l.
613 1020 643 1062 c.
666 995 781 1074 Suidas
800 998 842 1063 V.
867 995 1028 1062 Fabricius
1042 997 1081 1060 B.
1097 996 1140 1060 G.
1157 998 1185 1060 I.

149 1117 183 1187 p.
201 1097 279 1184 598.
315 1097 461 1164 Olearius
484 1099 610 1166 Dissert.
633 1102 686 1166 De
706 1099 840 1166 Poetriis
863 1101 921 1165 Gr.
944 1100 1034 1166 LIX.
1057 1121 1091 1187 p.
1114 1098 1186 1164 186.

148 1197 293 1265 Davifius
306 1198 447 1266 adMax.
459 1203 539 1291 Tyr.
556 1203 733 1268 XXXVII.
747 1218 782 1288 5.
799 1224 832 1290 p.
848 1201 922 1270 628.
966 1204 1003 1266 ln
1018 1199 1086 1288 ejus
1100 1202 1187 1289 frag·

150 1298 268 1364 mentis
289 1302 310 1367 J
314 1349 322 1367 .
347 1301 542 1369 Christianus
553 1302 697 1370 Wolfius
718 1302 808 1368 locos
828 1304 984 1370 Veterum
1006 1323 1133 1384 omnes,
1152 1300 1187 1367 in

149 1398 201 1467 his
215 1400 303 1468 hunc
319 1403 560 1484 Plutarchcum,
575 1390 722 1493 apposuit
736 1427 770 1493 p.
786 1407 839 1471 66.

193 1520 266 1590 245.
284 1505 325 1570 C.
348 1511 385 1583 εἰς
408 1508 478 1583 θεοὺς
499 1507 688 1596 riphat-ej
712 1509 775 1596 θεῷ]
807 1506 937 1575 Rufillus
959 1506 1088 1596 legatur
1110 1528 1187 1601 cum

150 1605 242 1670 Mez.
256 1612 293 1683 εἰς
308 1609 365 1673 θεοῦ
378 1607 573 1697 πέμψαι-τῷ
587 1610 691 1697 θιῷ-.

194 1726 268 1795 245.
282 1712 327 1777 D.
350 1710 498 1798 δαιμόνιος]
527 1714 565 1778 Ε.
588 1715 707 1781 Venet.
729 1710 853 1798 tarpio.
876 1734 942 1778 non
965 1709 1188 1778 reticendums

149 1831 346 1898 quamquam
368 1812 535 1903 vulgatum
555 1814 743 1901 praeferam:
767 1814 808 1881 fic
825 1815 919 1904 supra
936 1812 1014 1899 Sap.
1033 1812 1137 1879 Conv.
1153 1833 1189 1899 p.

153 1913 226 1978 161.
242 1914 287 1979 C:
312 1920 379 2004 ὁρμῇ
392 1941 444 1981 τινι
457 1916 598 2004 χρήσαιτο
614 1915 754 2003 laspcslp.

194 2033 269 2100 245.
287 2017 333 2081 D.
352 2019 417 2104 παρ’
440 2016 554 2097 hasen
573 2018 731 2102 ἱστάμεναι]
758 2015 919 2103 Exqulslta
932 2014 1043 2081 (11ἂί0.
1066 2015 1187 2081 Aristo·

149 2115 274 2203 phanes
287 2116 432 2184 Acharn.
450 2135 502 2203 72.
525 2123 601 2206 παρὰ
620 2124 668 2198 τὴν
682 2118 797 2198 ἔπαλξιν
812 2122 838 2181 ἐν
852 2120 957 2205 φορυτῷ
979 2114 1187 2200 κατακείμενος·

151 2217 207 2285 ubi
224 2219 393 2308 Berglerus
407 2243 447 2287 ex
459 2220 651 2309 Thucydide
666 2222 712 2285 Il.
731 2239 781 2306 13.
797 2218 902 2285 adfert
915 2227 969 2283 τῶν
982 2222 1046 2306 παρ’
1062 2218 1187 2298 haldis·

149 2318 276 2407 plenius
292 2322 483 2413 Plutarchus
503 2322 641 2390 Lucullo
654 2346 688 2411 p.
702 2343 779 2411 493.
794 2324 843 2388 A:
865 2327 943 2410 rapot
960 2326 1022 2398 ταῖς
1043 2322 1188 2401 ἐπάλξεσι·

151 2420 286 2487 Othone
298 2445 333 2511 p.
351 2420 446 2512 1'o69.
460 2425 501 2490 C.
514 2431 637 2501 ὅστὸιτας
652 2428 729 2512 παρὰ
742 2427 794 2500 ταὶς
808 2424 946 2503 ἐπάλξεις.

191 2521 357 2611 Σωκράτης]
382 2525 543 2612 Argivus*
556 2525 734 2606 historicus,
759 2525 933 2591 Plutarcho
958 2525 1035 2590 alibi
1058 2524 1189 2607 citatus,

151 2622 237 2710 Opp.
254 2625 343 2711 Mor.
360 2641 434 2710 270.
449 2629 485 2692 F.
509 2643 584 2712 277.
599 2629 638 2695 Β.
663 2646 737 2715 297.
752 2628 797 2717 A.
819 2629 896 2715 364.
911 2630 947 2693 F.
966 2625 1044 2694 Vid.
1064 2625 1190 2694 Vollius

150 2725 203 2791 Dc
224 2726 307 2793 Hist.
323 2729 382 2793 Gr.
399 2730 462 2793 III.
477 2731 567 2797 Voce
583 2729 726 2795 Socrates.
763 2730 937 2817 Menagius
951 2730 992 2794 ad
1007 2729 1107 2816 Diog.
1124 2731 1189 2793 La-

151 2838 211 2917 ert.
235 2829 278 2892 ll.
295 2845 351 2914 47.
379 2831 524 2919 Toupius
543 2828 584 2895 ad
603 2829 767 2897 Theocrit.
789 2829 899 2896 Schol.
920 2830 1017 2895 XIII.
1041 2845 1091 2914 17.
1110 2827 1190 2894 edit.

151 2931 303 3022 Warton.
317 2932 356 2995 T.
375 2932 401 2995 Ι.
417 2952 450 3019 p.
468 2951 543 3019 219,
558 2953 589 2995 a.

196 3048 269 3118 245.
286 3031 498 3122 Ε.’Ὲρμ4ιίυ]
524 3032 673 3100 Corfinus
696 3033 775 3099 Pali.
792 3031 895 3099 Attio.
910 3031 986 3098 Vol.
1001 3031 1049 3117 ll.
1064 3052 1097 3118 p.
1112 3052 1189 3116 411.

151 3146 186 3200 et
197 3136 274 3221 467.

169 3222 182 3234 '⁵
195 3254 270 3329 445.
289 3239 326 3303 F.
341 3240 379 3302 τὰ
400 3239 585 3328 Ὑβριστικὰ]
609 3236 754 3304 Nomine
776 3236 843 3303 festi
862 3236 985 3317 omisso,
1006 3259 1073 3302 rem
1094 3235 1192 3302 refert
1318 3301 1320 3304 ⁴

153 3336 322 3427 Polyaenus
342 3340 441 3426 VIII.
455 3359 510 3427 33.
525 3352 700 3428 utrumqne
715 3339 825 3406 locum
839 3353 873 3406 et
886 3339 949 3406 alia
961 3339 1019 3406 dat
1033 3335 1192 3404 Meurfius
1260 3382 1264 3389 -

154 3439 261 3506 Graec.
277 3442 348 3506 Fer.
364 3442 426 3509 VI.
444 3458 519 3527 271.
1127 3442 1129 3446 ’

197 3561 271 3629 245.
288 3543 499 3633 westona]
516 3545 576 3611 VI.
591 3544 646 3631 83.
761 3534 764 3542 ’

101 3698 106 3702 -
194 3667 230 3733 p.
247 3648 321 3729 246.
338 3645 380 3711 A.
395 3642 427 3711 ε’.
443 3645 668 3734 ΠΕΡΣΙΔΕΣ]
689 3645 858 3734 Polyaenus
870 3646 948 3711 Vll.
961 3659 1017 3731 45,
1033 3665 1065 3712 2.
1094 3641 1190 3735 19111-
1233 3706 1238 3713 .

154 3769 214 3815 uus
235 3750 264 3814 I.
283 3750 324 3814 6.·
359 3751 505 3816 Lacaenae
524 3749 622 3816 fimile
644 3748 765 3816 fadum
785 3772 823 3815 ac
844 3747 966 3814 didtum
982 3746 1125 3814 exstat'in
1139 3749 1189 3813 A·

152 3849 294 3939 pophth.
309 3853 386 3917 Lac.
400 3873 433 3940 p.
450 3869 524 3934 241.
541 3853 580 3919 Β.
912 3846 917 3853 ’
1162 3844 1165 3849 ’

197 3956 271 4038 246.
287 3955 327 4019 Β.
342 3957 379 4031 rh
396 3957 445 4034 ιήι
461 3954 555 4040 πόλιν]
578 3954 747 4021 Articulus
767 3951 909 4019 declarat
930 3965 1052 4018 certam
1074 3975 1190 4040 quarn·

152 4056 228 4124 dam
248 4055 364 4123 eximie
383 4055 502 4123 diem
523 4056 613 4122 πόλιν·
637 4055 708 4125 haec
721 4053 933 4145 intelligenda
952 4055 996 4121 est
1019 4056 1191 4145 Persepolis,
1223 4059 1228 4068 '

152 4172 191 4231 ut
210 4158 297 4226 retiis
311 4148 440 4251 accepit
461 4159 501 4224 Β.
525 4157 696 4226 Briffonius
717 4160 770 4225 De
792 4161 873 4247 neg.
898 4158 980 4225 Pers.
1005 4157 1143 4245 Princip.
1161 4158 1189 4221 I.

156 4262 229 4350 136.
273 4263 326 4331 De
347 4262 511 4350 taliqdono
530 4263 714 4351 Xenophon
740 4260 913 4352 Cyropaed.
936 4261 1034 4330 VIII.
1058 4282 1092 4348 p.
1116 4259 1189 4345 248.

480 4414 483 4419 .
505 4370 508 4375 ’
641 4386 663 4429 B
679 4385 701 4447 4
1290 4375 1306 4411 0
