2714 4770
307 291 370 377 'un
390 298 498 377 ismn
517 318 572 376 ur
590 317 765 377 osrnmn.
782 304 814 397 p.
829 317 1000 395 363133.
1119 334 1173 395 ιις

136 476 191 542 Ῑ).·
206 496 267 542 nec
289 476 430 543 multum
451 476 571 543 diverse
591 477 723 542 Tacitus
743 476 826 545 Hist.
845 479 888 545 V.
902 497 936 563 3.
957 477 1175 564 sequentior·

109 577 349 644 ·Mnnethonis
369 580 583 662 narrationem
601 579 694 645 nobis
715 579 847 667 quidem
869 579 1034 668 cognitam
1055 602 1095 644 ex
1112 579 1173 645 Jo-

137 679 237 767 sepho
257 704 288 747 c.
309 680 468 768 Apionem
490 684 517 748 I.
535 683 587 750 36.
606 681 662 747 ubi
683 681 811 770 vestigia
824 680 920 748 etiam
936 683 1009 747 sunt
1027 699 1176 748 cornutu-

137 782 243 848 nionie
255 783 442 850 Judaeorum
457 807 533 850 cum
551 783 722 873 Typhone,
742 783 833 870 quod-
845 785 958 850 urbem
972 783 1105 849 Avarior
1118 781 1175 848 ha-

137 883 318 964 bitaverint,
333 907 405 972 quae
420 892 497 951 κατὰ
512 889 559 965 τὴν
573 885 716 971 θεολογίαν
726 885 824 951 ἄνωθεν
832 886 969 970 Τυφοίυιος
984 885 1174 952 habebatur.

137 985 231 1052 Plura
252 986 292 1053 de
313 987 376 1053 hoc
395 992 588 1077 argumento
610 987 756 1075 exposuit
780 987 960 1054 Bochartun
987 986 1173 1053 Hierozoic.

137 1088 172 1152 P.
188 1088 235 1154 II.
225 1112 289 1177 p.
281 1110 381 1159 ..221
401 1092 466 1179 seq.
487 1091 598 1180 attigit
619 1105 653 1157 et
673 1090 874 1157 Jablonlkiun
897 1089 1012 1156 Panth.
1034 1089 1114 1177 AEg.
1138 1089 1174 1156 Ρ,

177 1295 253 1377 363.
268 1293 351 1358 D.'
335 1321 377 1359 ασ
376 1294 573 1374 ’ammei'
558 1295 852 1388 αρχῆς-ἀφανίζεται
844 1298 880 1382 ι’]
907 1293 996 1359 citat
1018 1252 1175 1359 Euleblue

136 1394 240 1482 Praep.
261 1398 384 1486 Evang.
400 1399 464 1464 III.
478 1418 513 1485 3,
535 1399 593 1465 ubi
613 1399 732 1464 rectius
748 1420 807 1487 pro
821 1397 971 1481 δυναμίναν
991 1396 1173 1485 legitur&-

134 1495 262 1562 κιόντων.
309 1501 437 1566 Horum
461 1500 527 1565 duo
552 1502 625 1566 sunt
649 1522 789 1589 genera.
816 1501 906 1588 priua
931 1499 995 1566 hoc
1023 1498 1096 1565 loco
1122 1521 1173 1566 re·

33 1644 38 1676 ;
134 1598 265 1665 censent
280 1615 374 1667 vocat
385 1604 449 1678 τοὺς
462 1603 682 1678 ἁπλουστάτους·
706 1602 842 1668 alterum
858 1623 892 1688 p.
905 1604 982 1689 364.
991 1602 1039 1690 JA.
1056 1600 1175 1667 dicitur

133 1707 159 1766 ol
171 1702 319 1791 σοφώτεροι
340 1714 394 1769 τῶν
416 1703 514 1792 ἱερέαν·
540 1704 573 1769 in
588 1721 801 1791 utrorumque
818 1703 942 1769 ratione
956 1703 1090 1770 vertitur
1104 1716 1175 1770 tota

133 1803 353 1890 interpretatio
372 1806 547 1894 allegorica
568 1805 666 1893 hujus
685 1806 814 1872 fabulae.
858 1808 1048 1872 Graecorum
1062 1804 1174 1892 opinio

133 1905 175 1971 de
188 1907 336 1994 cognatis
351 1907 458 1992 Κρόνου
472 1920 506 1972 et
517 1906 732 1994 χρόνον,Ἧρης
744 1922 780 1973 et
794 1907 884 1994 ἄθρος,
899 1907 940 1973 de
953 1929 1018 1995 qua
1031 1905 1096 1972 vld.
1114 1905 1173 1973 Ci-

134 2029 209 2073 cero
223 2010 303 2073 Nat.
317 2010 362 2074 D.
380 2010 426 2073 II.
443 2025 496 2093 25,
513 2010 566 2077 36,
589 2023 628 2072 ut
642 2022 719 2073 nota
734 2008 781 2072 ita
794 2006 964 2072 verifimilis
978 2007 1041 2072 est:
1063 2005 1173 2088 Ἡφαί-

133 2135 202 2174 στου
215 2111 335 2195 γ’νεσ
300 2136 323 2174 ν
350 2115 397 2190 τὴν
410 2115 502 2187 είςν
424 2117 520 2198 strip
537 2109 616 2194 ἇίρυς
631 2113 804 2192 μεταβολὴν,
820 2109 986 2197 aliquanto
999 2107 1103 2195 magis
1112 2129 1173 2176 ex-

133 2212 284 2300 quisitum
306 2227 340 2278 et
362 2212 582 2279 Heracliteum
606 2212 741 2292 videtur,
762 2211 889 2298 dequo
909 2210 1054 2277 dicemus
1067 2210 1108 2275 ad
1122 2211 1174 2276 Dc

31 2331 32 2336 ’
132 2322 176 2380 ΕΙ
191 2314 353 2402 Delphico
370 2338 404 2403 p
414 2335 490 2402 393,
508 2313 549 2380 C.

131 2422 250 2507 363.
266 2421 304 2483 Ε.
326 2418 443 2507 θρῆνός
433 2444 508 2483 εστιν
530 2418 595 2505 ίερθς
618 2420 660 2482 inl
682 2425 731 2481 τοῦ
754 2416 919 2506 Relicto—J
942 2418 1002 2483 Pro
1020 2415 1148 2505 Κρόνου
1139 2439 1171 2483 tn

131 2523 282 2588 omnibus
304 2521 423 2587 tradito
437 2519 539 2600 libris,
554 2542 664 2585 verum
679 2520 741 2584 effe
754 2519 903 2607 ’,Οσίριθος
918 2541 976 2585 ree
985 2518 1052 2606 ipsa
1065 2513 1172 2637 loqui·

131 2634 204 2687 tur:
228 2622 317 2687 hunc
338 2621 473 2710 lugeri
464 2645 498 2686 εει
520 2622 597 2687 festo
619 2621 760 2700 solitum,
781 2619 1004 2708 pervulgatum
1021 2642 1082 2686 nec
1100 2621 1172 2715 curi

133 2747 231 2812 quam
245 2724 395 2811 ignotum
408 2725 465 2788 est.

174 2829 250 2913 363.
264 2828 304 2891 Ε.
325 2830 406 2891 -ταὶ
418 2827 602 2909 μένεῶατοῦ
618 2823 1012 2911 κθσμουπρθσυναον-δεξιοθς
1015 2826 1038 2912 ·]
1064 2828 1171 2897 Nola-

130 2929 283 3017 vausp.
275 2948 369 3015 3,39,
384 2929 429 2994 D.
446 2941 480 2993 et
495 2928 615 2994 Quaest
630 2928 726 2992 Rom.
742 2951 792 3005 οη,
808 2947 842 3012 p
855 2927 929 2997 383
943 2927 989 2992 D.

174 3030 250 3117 363,
272 3033 310 3111 Ε,
330 3033 366 3095 F.
390 3029 849 3112 θαλασσαν-ίεφοσιοῡνταεᾱτῆς
869 3027 975 3115 αίτίοις]
1000 3031 1090 3093 Loco
1109 3049 1171 3116 ge·

130 3134 221 3199 mino
242 3132 355 3200 eadem
377 3133 474 3199 docet
497 3132 687 3198 Plutarchus
714 3131 864 3220 Sympos.
887 3133 948 3197 VI.
974 3143 1010 3219 p.
1030 3131 1105 3217 ⁶85.
1127 3131 1171 3197 A.

130 3238 227 3302 VIII.
250 3253 325 3323 729.
346 3234 390 3300 A.
413 3257 495 3323 quos
515 3233 697 3300 notavimus
719 3255 753 3320 p.
768 3248 846 3319 333,
869 3234 905 3298 F.
949 3234 998 3299 Ut
1022 3233 1173 3323 AEgyptii

130 3361 218 3404 mare
227 3341 371 3427 spumam
389 3338 534 3426 Typhonis
553 3336 599 3402 ita
618 3335 833 3423 Empedocles
843 3337 985 3425 sudorem
1001 3349 1092 3402 terra
1111 3359 1171 3403 no·

130 3444 275 3523 minavit,
292 3446 367 3510 telle
381 3442 552 3509 Aristotele
567 3442 787 3531 Meteorolog.
800 3443 844 3508 II.
855 3463 890 3530 3.
904 3456 938 3509 et
954 3442 1171 3512 Pseudo-Plu-

132 3544 246 3611 tarcho
260 3547 312 3610 De
328 3544 438 3610 Placit.
455 3544 572 3611 Philos.
589 3545 652 3609 IlI.
669 3546 719 3610 16.

126 3696 133 3709 .
172 3649 248 3733 363,
271 3650 307 3711 F.
337 3648 414 3733 ίχθιίῑ
434 3655 598 3735 γράφουσιν·
615 3683 658 3698 -
672 3647 837 3734 μίγνυσθαι]
864 3651 1009 3714 Tuemur
1035 3649 1172 3715 nostram

129 3749 403 3817 emendationem.
448 3750 601 3816 Clemens
628 3749 803 3816 Alexandr.
831 3753 951 3817 Strom.
972 3753 1016 3818 V.
1040 3773 1073 3838 p.
1095 3741 1183 3836 673.Ι

128 3853 209 3919 edit.
228 3855 348 3918 Potter.
365 3855 389 3914 it
406 3853 556 3919 Δευσείλει
570 3860 618 3931 τῆς
631 3852 788 3940 Αίγείετυυ,
798 3856 842 3917 inl
856 3861 906 3918 τοῦ
920 3859 989 3941 lepori
1003 3853 1173 3936 νοαλουμίνυυ

128 3964 262 4033 πυλῶνος,
277 3954 477 4019 &saturamur
495 3954 600 4019 παιδίον
612 3955 663 4039 μὲν
675 3953 809 4042 γενίσευις
827 3954 980 4036 σίμβοκυνν
1005 3955 1102 4043 φθορῖες
1115 3955 1144 4020 ii
1159 3953 1173 4012 ὅ

124 4059 228 4145 ,γε’ροσν·
252 4060 309 4122 θεοῦ
323 4083 356 4120 τε
370 4055 407 4120 αὖ
421 4062 434 4119 θ
450 4055 535 4141 ίίραξ·
557 4060 592 4132 οθς
608 4063 620 4120 θ
634 4059 712 4142 ἰχθῦς
725 4055 835 4139 μίσους·
860 4057 907 4120 καί
922 4058 986 4120 κατ’
1000 4053 1075 4122 ἄλλο
1088 4043 1174 4124 roim

130 4160 337 4244 σημαινόμενον,
352 4166 367 4223 θ
381 4158 549 4246 κροκοθειλος
569 4161 714 4235 ἀναιδείας·
738 4159 862 4242 φαίνεται
881 4159 977 4230 τοίνυν.
988 4158 1174 4244 συντιθίμενυς
1221 4228 1224 4239 ‚

124 4263 162 4326 >ri
181 4268 235 4327 πᾶν
256 4263 411 4346 σύμβολον,
434 4263 583 4345 δηλωτικὸν
602 4262 670 4328 εἶναι
691 4265 777 4329 τοῦδε·
790 4260 872 4330 .“Ὧ
886 4263 1021 4351 γινίμενοι
1034 4266 1084 4329 καί
1099 4267 1172 4328 ἆσσ-

632 4385 687 4447 ¹³4
