2714 4770
171 367 323 427 ΑΤΗΕΝ.
344 363 480 425 BELLO
500 365 555 424 AN
575 364 725 425 DOCTR.
746 364 862 425 CLAR.
882 383 911 445 p.
926 363 995 442 346.
1010 367 1045 436 Δ,
1061 367 1096 428 B.
1127 384 1185 445 ¹39

150 524 411 614 fignifioationem
426 523 565 589 nominis
579 523 748 612 aliquoties
764 524 927 591 notavitet
939 525 1102 612 usurpavit
1113 525 1189 591 Plu·

149 627 302 694 tarchus:
321 652 349 693 v.
364 652 393 694 c.
422 630 475 693 De
489 633 530 691 El
546 628 632 714 apud
648 628 768 717 Delph.
785 651 818 718 p.
830 649 904 715 393.
916 628 964 693 C:
981 633 1018 691 τὰ
1031 628 1188 716 μιγνύμενα

149 736 205 793 τῶν
217 732 380 819 χρωμάτων
395 735 418 793 ol
432 733 529 811 βαφεῖς
544 729 705 817 φθείρεσθαι,
721 734 769 796 καὶ
784 735 881 816 φθορὰν
894 735 942 810 τὴν
955 731 1030 813 μίξιν
1044 727 1189 814 ὀνομάζον-

151 858 206 897 σιν.
241 835 291 899 De
303 833 426 921 Pythie
440 834 535 898 Orac.
550 855 582 920 p.
598 851 674 920 395.
691 837 735 900 D.
758 837 833 922 436.
849 835 887 898 B.
915 834 1061 921 Sympos.
1076 835 1137 898 VI.
1153 856 1188 920 p.

153 949 228 1019 725.
244 935 292 1000 C:
315 935 367 1011 τάς
388 963 418 999 τε
433 935 521 1018 μθξιις
539 945 593 1000 τῶν
608 937 770 1022 χρωμάτων
784 943 807 1000 oi
822 935 961 1022 ζωγράφοι
976 937 1072 1020 φθορὰς
1086 936 1189 1016 ὄνομα·

152 1038 240 1118 ζουσι.
277 1037 471 1123 Porphyrius
487 1037 667 1102 Abstinent.
683 1041 742 1105 lV.
760 1057 811 1104 ao.
844 1037 992 1103 Kullerus
1015 1035 1054 1101 ad
1078 1034 1189 1101 Schol.

151 1137 355 1225 Aristophan.
374 1137 457 1203 Plut.
474 1158 550 1224 530.
594 1140 716 1202 Primus
730 1141 874 1203 hominum
888 1137 1035 1225 hocfecit:
1053 1136 1195 1201 formula

154 1238 326 1303 Plutarcho
340 1238 414 1303 alibi
433 1240 602 1325 usurpata:
627 1241 735 1306 Mario
750 1263 783 1332 p.
798 1261 875 1327 432.
891 1243 934 1306 F:
959 1238 1060 1312 ὕπατος
1074 1239 1101 1300 δὲ
1114 1246 1190 1324 σρῶ·

151 1364 197 1415 τος
212 1342 353 1427 ἀνθρώπων
373 1340 486 1415 ἑπτάκις
500 1342 722 1430 ἀνηγορευμένος.
762 1344 898 1423 Caesare,
912 1365 946 1428 p.
961 1341 1035 1427 718.
1049 1343 1092 1406 F:
1116 1340 1192 1419 δόξης

152 1443 285 1527 ἐφιέμενος
300 1447 410 1508 καὶτοῦ
425 1453 528 1531 πρῶτος
543 1446 686 1534 ἀνθρώπων
700 1452 813 1533 στρατῷ
829 1448 952 1526 διαβῆναι
966 1446 1013 1508 τὸν
1027 1447 1128 1521 Ῥῆνον.

178 1550 182 1561 ’
194 1548 270 1631 346.
293 1549 337 1614 A.
362 1547 658 1634 Εὐφράνωρ-βαΐα]
684 1549 736 1613 De
759 1545 822 1612 hoo
846 1561 878 1612 et
899 1546 1023 1611 caeteris
1048 1545 1193 1611 videatur

152 1649 268 1715 Junius
292 1648 326 1714 in
355 1649 515 1737 Catalogo
540 1650 722 1714 Artificum.
767 1650 901 1715 Didium
924 1649 995 1736 ejus
1018 1649 1059 1714 de
1081 1649 1137 1713 suo
1158 1660 1193 1713 et

154 1749 302 1815 Parrhasi
321 1751 443 1816 'lheseo
465 1765 624 1817 memorat
647 1750 767 1816 Plinius
788 1753 834 1816 H.
857 1753 904 1816 N.
925 1752 1066 1818 XXXV.
1082 1753 1137 1836 36,
1148 1764 1191 1836 5:

142 1870 239 1944 'opera
263 1856 325 1940 ejus
336 1855 604 1943 sunt-Theseus:
628 1855 734 1944 inquo
754 1855 843 1934 dixit,
863 1856 992 1919 cumdem
1011 1855 1095 1942 opud
1111 1855 1193 1917 Par·

151 1958 282 2043 rhofium
293 1959 358 2044 rosa
370 1955 486 2045 poslum
497 1958 659 2045 effi,suum
671 1981 740 2022 vero
754 1982 851 2021 came.

194 2061 272 2145 346.
296 2060 338 2123 A.
360 2058 644 2139 πεποίησαι-Δῆμον
667 2059 830 2146 Ἐρεχθῆος]
859 2057 978 2123 Versus
1001 2057 1195 2123 Homericus

154 2161 247 2226 Iliad.
268 2167 305 2225 B.
326 2166 402 2247 547.
426 2160 530 2249 magis
553 2156 744 2248 congruensx
759 2160 793 2224 in
816 2165 911 2243 Δῆμον
931 2158 1090 2239 Ἀθηναίων,
1110 2181 1194 2246 opus

155 2262 315 2342 Parrhasii,
348 2286 446 2351 quarn
481 2264 513 2328 in
547 2263 730 2342 Theseum3
766 2286 832 2351 quo
868 2262 909 2327 de
942 2284 1039 2349 opere
1075 2262 1194 2328 Plinius

153 2367 294 2431 XXXV.
312 2373 367 2452 36,
382 2383 424 2451 5:
453 2368 555 2431 Pinxit
573 2372 668 2450 Δῆμον
683 2366 919 2454 Athenienſsum,
935 2378 1106 2453 argumento
1120 2389 1195 2453 quo·

152 2492 207 2554 que
221 2467 378 2556 ingenioso.
425 2468 548 2534 Volebat
560 2494 687 2557 namque
697 2469 828 2549 varium,
844 2469 1031 2549 iracundum,
1047 2466 1195 2554 injustum,

152 2565 376 2656 inconstantem:
406 2572 536 2635 eumdem
562 2571 745 2650 exorabilem,
773 2570 951 2650 clementem,
978 2569 1194 2659 misericordem.

153 2673 303 2762 excelsum,
323 2672 493 2761 glorirffum,
516 2674 665 2755 humilem,
677 2674 818 2761 ferocem,
829 2673 1029 2762 flagocemque
1043 2673 1200 2759 ostendere.
1340 2668 1342 2677 Α

154 2777 230 2864 Quo
245 2774 439 2864 probabilior
456 2777 499 2840 est
518 2776 664 2863 sulpicio,
678 2776 784 2841 labem
801 2776 922 2839 haerere
938 2774 969 2839 in
984 2774 1041 2839 illo
1053 2773 1196 2853 πεποίησαι

154 2879 205 2942 καθ
223 2904 251 2941 τι
269 2873 424 2965 προσέοικε,
444 2878 464 2940 sr
486 2877 618 2965 quidem
640 2878 695 2942 illa
713 2878 803 2942 huno
818 2876 960 2941 vicinum
975 2876 1072 2941 etiam
1087 2877 1197 2942 locum
1296 2897 1303 2909 ’

156 2980 275 3047 affecit.
1191 2996 1202 3006 ·“

165 3113 170 3119 ’
197 3086 274 3170 346.
289 3087 328 3152 Β.
351 3086 478 3174 γῖγραφε
500 3085 528 3149 δθ
551 3086 599 3149 καθ
618 3088 666 3163 τὴν
685 3088 713 3147 ἐν
732 3083 888 3170 Μαντινείᾳ
905 3084 970 3171 πρὸς
989 3082 1199 3164 Ἐπαμινώνδαν

156 3187 333 3275 ἱππομαχίαν
349 3189 514 3278 Εὐφράνωρ]
543 3188 635 3274 Opus
655 3186 873 3273 Euphranoris
888 3200 1085 3252 memoratur
1099 3208 1119 3249 a
1135 3182 1206 3250 Pri--

155 3289 209 3355 nio
225 3292 366 3356 XXXV.
381 3292 436 3377 36,
453 3307 514 3375 25:
540 3288 638 3376 Opera
652 3290 805 3377 ejussrtnt,
822 3287 946 3376 equestre
955 3288 1110 3376 praelium,
1126 3289 1199 3352 duo·

154 3392 245 3455 decim
259 3393 334 3457 Dii:
349 3407 414 3459 cet.
444 3391 594 3458 Praelium
610 3392 674 3456 hoo
689 3406 869 3456 narratura
882 3389 1101 3478 Xenophonte
1116 3388 1199 3455 Hel·

155 3493 251 3558 lenic.
273 3497 352 3560 Vll.
370 3512 404 3582 5.
429 3518 489 3561 nec
512 3495 630 3560 tamen¹
643 3493 758 3558 diserte
779 3494 821 3558 ab
842 3493 913 3558 aliis
936 3517 1043 3559 rerum
1065 3492 1198 3579 Epami·

156 3594 273 3661 nonde
287 3595 328 3659 ad
343 3596 545 3661 Mantineam
563 3594 790 3661 narratoribus.
822 3593 957 3682 Polybio
973 3595 1031 3658 lX.
1046 3595 1078 3658 8.
1116 3591 1200 3656 Dio·

155 3696 236 3762 doro
250 3696 314 3762 Sic.
331 3698 406 3763 XV.
422 3698 474 3779 84.
504 3696 676 3762 Plutarcho
691 3709 800 3760 autern
815 3694 848 3760 in
865 3695 1013 3783 Agesilao
1029 3717 1061 3782 p.
1075 3696 1150 3779 615.
1163 3696 1199 3758 F.

156 3799 291 3866 omnino
309 3798 488 3865 omittitur:
512 3822 610 3888 quem
632 3799 695 3866 hoo
715 3799 783 3885 ipso
798 3800 870 3864 loco
885 3813 996 3886 putem
1013 3819 1052 3862 ex
1068 3795 1202 3882 Ephoro
1257 3803 1259 3808 ’

156 3900 296 3987 plurima
313 3893 467 3966 sumfiffe:
492 3902 547 3988 qui
570 3923 622 3967 res
646 3899 880 3988 Epaminondae
901 3899 1034 3964 uberius
1055 3895 1200 3984 explicu-

156 4015 238 4083 erat,
254 4017 288 4067 et
304 4002 422 4089 Grylli,
438 4001 667 4089 Xenophontis
687 4000 756 4080 filii,
770 4000 802 4065 in
824 4021 936 4088 pugna
951 3998 1104 4084 deinceps
1118 3997 1203 4063 inter
1319 4079 1320 4082 Ἴ

157 4111 246 4168 t'otos
268 4103 428 4168 exercitus
450 4102 625 4182 commilla,
641 4102 767 4166 obitum
785 4101 991 4188 prodiderat:
1015 4096 1200 4187 quod‘legi·

156 4226 232 4269 mus
252 4204 338 4293 apud
352 4205 536 4293 Diogenem
552 4203 717 4270 Laertium
735 4204 780 4268 ll.
795 4220 859 4288 54:
883 4201 938 4266 su
952 4201 1077 4290 Γρύλλος
1090 4225 1201 4285 σιταγ-
1297 4243 1299 4251 ,

156 4305 236 4390 illm
252 4312 333 4373 κατὰ
353 4311 415 4386 τοὺς
438 4308 547 4391 isaiae,
567 4306 598 4388 ir
616 4309 643 4372 ii
662 4314 677 4388 ἡ
695 4306 780 4394 μαἰχη
800 4305 860 4393 πορθ
879 4304 1060 4385 Manium,
1080 4306 1209 4388 θσχορΐος.
