2714 4770
249 350 308 414 452
389 315 430 393 n'.
449 332 497 392 w.
517 331 715 392 surumv.
735 331 781 391 m
801 325 1140 389 ruminemus.

247 492 442 581 ...ram
483 491 625 558 amaus
638 487 870 556 sacauunu
884 487 1002 554 Anima
1015 508 1049 574 p.
1060 465 1143 572 577·
1160 473 1298 550 s.-÷a

228 631 231 636 ·
251 605 310 661 νοῦν
324 600 355 660 tx
367 594 499 681 μνγᾶλας
513 600 563 670 τοῖς
577 593 694 679 ἀγνοίας
705 591 882 679 χαλᾶοασαν
895 595 933 680 οἷς
945 589 1007 668 ὄνθον
1019 598 1075 654 τῶν
1089 587 1181 653 irim.
1213 586 1299 652 Gon-

121 742 126 751 .
252 696 401 761 ferendus
420 697 464 760 est
484 694 679 784 Porphyrius
699 696 753 760 De
771 693 952 760 Abstinent.
972 695 1012 758 L.
1034 693 1063 755 Ι.
1083 712 1117 778 p.
1130 710 1193 777 49.
1215 703 1252 754 et
1265 688 1298 753 in

253 799 363 888 primis
376 799 567 867 Themistius
581 800 673 866 Orat.
689 798 765 863 XX.
780 819 813 885 p.
827 804 900 884 23'4.
916 796 960 875 A,
973 797 1012 860 B.
1056 793 1209 882 Sedjam
1224 804 1299 858 ante

255 900 395 966 Platonis
416 912 545 966 aetatem
565 900 649 966 hanc
671 912 705 964 et
725 897 912 986 opinionem
930 910 964 962 et
982 894 1139 983 loquendi
1159 894 1298 960 formam

252 1005 518 1094 Philosophomm
541 1002 809 1092 disputationibus
828 1001 935 1067 tritam
954 999 1108 1065 fuiffe'ex
1129 1019 1174 1063 eo
1196 1007 1298 1084 patet,

256 1106 344 1194 quod
368 1129 440 1173 eam
461 1106 569 1194 lepide
590 1103 760 1193 exagitavit
786 1100 1014 1188 Aristophanes
1034 1099 1130 1164 Nub.
1155 1097 1202 1162 vs.
1225 1111 1299 1183 759.

256 1231 333 1275 cum
349 1210 514 1275 Socratem
529 1207 574 1273 ita
587 1204 890 1295 loquentem-facita

384 1314 436 1387 Mi
450 1317 494 1375 νῦν
506 1309 566 1396 πορθ
580 1306 662 1372 airis
676 1307 732 1371 νῖλο
745 1310 793 1386 τὴν
807 1305 920 1392 γνοθμην
933 1306 989 1385 aial,

383 1413 468 1474 Ἀλλ’
483 1410 623 1495 ἀποχάλα
634 1411 683 1486 τὴν
697 1407 810 1494 φροντίδ’
825 1410 857 1492 ἐς,
866 1407 911 1472 ris
926 1405 1006 1495 cispa,

385 1510 541 1589 Λννθθοτον,
556 1508 647 1594 simp
662 1510 828 1591 μηλολόνθην
843 1515 892 1573 τοῦ
906 1509 1026 1583 roiam·

260 1615 321 1679 Pro
342 1610 460 1698 ἐπίγειον
482 1611 575 1678 Harl.
593 1609 714 1678 solenni
735 1610 919 1676 confulione
939 1610 1056 1698 ῠπθηοον
1074 1609 1221 1697 praebet;
1241 1629 1304 1695 qua

259 1715 372 1781 vitium
395 1715 600 1803 susceperunt
620 1713 717 1779 etiam
737 1712 865 1779 Aristid.
880 1715 920 1779 T.
940 1735 974 1801 p.
990 1731 1067 1799 354.
1101 1711 1172 1777 Dio
1188 1710 1303 1800 Chrys.

261 1819 318 1885 Or.
336 1818 430 1882 XIX.
446 1838 478 1903 p.
493 1816 567 1884 261.
582 1818 621 1881 B.
636 1828 670 1880 et
686 1815 801 1880 Liban.
816 1815 966 1881 Declam.
982 1817 1076 1880 XVI.
1091 1835 1126 1901 p.
1138 1815 1218 1896 448.
1231 1815 1278 1878 D.

302 1921 379 2006 566.
402 1920 449 1984 D.
466 1923 537 2013 ιΦῶς
559 1923 590 1982 ἐκ
611 1925 659 1982 τοῦ
678 1916 889 2006 relandus-did
909 1925 964 1981 τῶν
984 1916 1095 1982 κόλπων
1118 1923 1169 1994 τῆς
1187 1917 1305 2000 Diania

132 2006 141 2025 ’
259 2021 459 2108 ἄποροιδθμννον
478 2025 514 2097 εἰς
532 2020 578 2084 riv
599 2021 775 2110 Digressu]
801 2020 924 2086 nLucis
940 2021 1119 2109 imaginem
1143 2021 1230 2086 forte
1251 2019 1305 2085 dc·

216 2182 219 2187 .
261 2125 367 2191 sumfit
378 2112 554 2203 a‘Platoue,
569 2124 624 2211 qui
640 2127 720 2212 Rep.
733 2127 772 2190 L.
788 2126 832 2189 X.
846 2145 881 2210 p.
893 2117 973 2210 519.
981 2126 1022 2188 E.
1037 2124 1174 2189 luminis
1187 2122 1307 2189 colum-

262 2249 338 2291 nam
353 2248 411 2313 per
426 2239 532 2291 toturn
548 2225 702 2291 aetherem
718 2227 838 2292 tensam
849 2227 910 2291 effe
922 2227 1026 2314 lingit.
1055 2227 1195 2292 Themis
1206 2226 1306 2292 hietat

261 2328 416 2415 Delphici
431 2327 551 2392 oraculi
567 2328 692 2414 praeses,
708 2341 881 2415 antequam
899 2330 940 2393 ab
954 2328 1119 2416 Apollinis
1134 2328 1306 2395 sacerdoti-

260 2430 322 2494 bus
341 2428 572 2513 occupabatur,
587 2429 650 2493 vid.
668 2430 831 2493 Plutarch.
847 2431 905 2495 Or.
919 2430 997 2495 Def.
1012 2451 1046 2517 p.
1059 2450 1139 2512 421.
1154 2432 1201 2496 D.
1240 2433 1306 2496 He·

153 2556 164 2566 .
261 2526 331 2592 rod.
349 2528 489 2615 Malign.
507 2551 539 2616 p.
554 2531 628 2595 860.
645 2533 690 2596 D.
729 2532 909 2597 Deucalion
925 2536 992 2619 post
1005 2532 1166 2598 diluvium
1183 2534 1218 2598 in
1237 2536 1306 2601 Par-

261 2630 348 2695 naffo
370 2629 547 2718 Corycidas
567 2632 740 2720 Nymphas
758 2634 911 2714 adoravit,
932 2635 1162 2723 Fatidicomque
1176 2638 1306 2717 Themin,

262 2747 424 2820 quaetunc
444 2733 544 2798 oracla
566 2735 693 2814 tenebat,
714 2748 753 2799 ut
774 2735 861 2801 canit
882 2737 1026 2802 Ovidius,
1070 2740 1115 2804 Et
1137 2739 1171 2803 in
1196 2741 1305 2806 eodem

261 2849 376 2898 monte
400 2836 518 2900 Boeotii
544 2836 742 2923 Delphicum
769 2839 935 2903 oraculum
960 2840 1124 2922 colebant,
1150 2858 1189 2908 ut
1217 2845 1307 2909 refert

264 2936 451 3002 Macrobius
472 2941 601 3002 Saturn.
623 2942 660 3003 L.
677 2940 704 3002 l.
720 2962 750 3004 c.
769 2942 819 3003 18.
837 2964 870 3027 p.
888 2943 962 3008 286.
1008 2945 1120 3009 Boeotii
1143 2948 1307 3035 Parnason

263 3050 385 3103 mntem
397 3039 533 3128 Apollini
536 3043 662 3126 socrum
676 3043 729 3129 effe
743 3057 944 3124 memorantes,
947 3045 1044 3129 simul
1054 3060 1157 3111 tomen
1170 3049 1205 3112 in
1220 3053 1307 3115 eodem

263 3151 292 3203 et
304 3140 455 3205 oraculum
470 3143 648 3230 Delphicum
663 3157 691 3208 et
696 3143 859 3232 speluncas
874 3146 1035 3212 Bacchicos
1053 3150 1108 3212 uni
1127 3151 1197 3214 Deo
1217 3155 1307 3239 conse·

264 3254 362 3304 craias
377 3243 490 3322 colunt,·
504 3247 581 3308 unde
596 3260 624 3309 ct
638 3246 776 3333 Apollini
790 3259 818 3311 et
831 3247 939 3312 Libero
954 3249 1044 3312 Patri
1058 3250 1089 3312 in
1105 3253 1208 3316 eodem
1223 3265 1309 3316 monte

263 3365 308 3406 res
323 3343 430 3408 divino
445 3345 616 3411 celebratur.
653 3349 816 3434 Quodam
830 3363 859 3413 et
878 3351 970 3415 Vcsrro
989 3364 1016 3415 et
1037 3353 1177 3418 Granius
1194 3356 1310 3420 Flaccus

265 3444 424 3531 affirment,
441 3449 527 3512 etiam
542 3450 704 3536 Euripides
718 3453 762 3515 his
779 3454 858 3516 docet
871 3467 935 3518 cet.
979 3456 1032 3519 De
1046 3456 1168 3537 Terra,
1185 3459 1309 3538 Noctis,

265 3564 300 3614 et
320 3549 487 3616 Themidis
509 3553 640 3618 oraculo
661 3554 828 3620 adeundus
850 3557 894 3620 est
914 3557 977 3621 Th.
1002 3558 1167 3625 Stanleius
1191 3562 1236 3627 ad
1259 3563 1310 3626 ΙΕ-

267 3651 368 3740 schyli
381 3654 614 3734 Eumenidas.
629 3675 659 3722 2.
677 3670 710 3722 et
725 3659 812 3744 sequ.

308 3755 385 3840 566.
400 3758 444 3822 D.
461 3759 518 3820 Kal
532 3759 744 3843 προθυμούμενος
761 3760 1116 3839 θδνῖν-ἦκοον-οῐλλαοέ
1133 3768 1212 3853 τινα]
1231 3767 1311 3834 Coll.

299 3966 317 3987 ¹¹
333 3955 405 4003 Cons.
417 3957 524 4005 Herodes
535 3959 604 4006 Stob.
618 3960 730 4010 LXXVI.
741 3977 765 4023 p.
815 3964 869 4010 haec
891 3963 953 4012 lucis
974 3965 1093 4014 columna
1118 3970 1145 4016 in
1165 3970 1315 4034 Delphicum

268 4045 324 4084 oso.
336 4050 411 4095 quern
423 4038 481 4085 citor
492 4049 516 4084 et
529 4039 607 4100 Bergl.
619 4041 636 4087 1.
648 4056 684 4088 ο..
813 4045 944 4093 oraculum
955 4049 1081 4107 pertendit
1104 4049 1199 4098 Veritas
1208 4054 1316 4103 onculo-
