2714 4770
244 357 301 435 tg'ss
342 347 666 414 D.·W..AN1MADV.
688 353 733 412 ΙΝ
754 352 869 412 PLUT.
890 351 1041 445 ΑΤΗΕΝ.
1062 353 1209 414 uuum.

181 554 184 559 ·
240 515 383 580 crationes
400 513 536 579 nimirum
554 513 654 600 dignae
663 513 751 600 smel,
764 537 833 601 quae
852 537 918 577 cum
930 511 1128 600 Demosthenis
1141 516 1274 603 impera·

239 610 310 680 ioris
332 617 414 681 rebus
435 615 523 704 gestis
550 620 773 704 comparentur!
800 616 914 682 Oratio
942 616 1028 681 illius
1054 621 1130 680 κατὰ
1155 619 1275 693 Κόνωνος

240 740 304 782 non
321 719 363 782 est
378 718 469 793 ἀνοίας
480 717 533 783 sed
544 717 648 795 ululas,
664 732 702 782 ut
717 716 837 782 babent
851 716 944 781 nostri
959 715 1088 785 codices
1102 719 1135 783 G
1148 732 1182 783 et
1195 721 1216 784 J
1220 743 1274 784 un.

236 833 272 885 ct
284 819 423 885 reddidit
436 843 520 885 unus
535 820 632 908 Xylz
656 842 731 883 nam
748 819 924 898 Cruserius,
946 819 978 883 in
999 820 1157 885 amentiam
1180 823 1272 888 Ceno-

237 920 305 985 m's:
336 920 498 1012 Amyotus
524 920 620 999 nude,
643 921 785 1007 adversus
810 912 971 985 Cimonem}
994 920 1151 985 mendum
1175 923 1273 1010 hujus

237 1023 301 1113 loci
312 1022 384 1110 jam
405 1037 567 1090 notaverat
588 1024 745 1088 Meurfius
768 1023 859 1088 Lea.
882 1023 986 1089 Attic.
1002 1025 1065 1088 111.
1080 1027 1113 1088 6.
1134 1025 1274 1112 indeque

106 1129 109 1138 ’
238 1125 398 1191 Fabricius
417 1126 455 1190 B.
475 1126 518 1190 G.
539 1127 565 1189 1.
589 1146 622 1211 p.
641 1144 716 1212 921.
761 1125 873 1192 Oratio
892 1126 959 1212 πρὸς
980 1126 1163 1208 Ἀμαθούσιον
1185 1128 1273 1193 nulla

236 1228 368 1316 cognita
388 1227 450 1292 est:
474 1227 647 1315 Spartiatae
665 1241 777 1314 captos
792 1228 937 1293 novimus
951 1251 990 1293 ex
1004 1229 1198 1317 Thucydide
1214 1232 1272 1296 IV.

236 1351 291 1411 41.
313 1342 347 1395 et
367 1330 458 1417 supra
477 1330 615 1417 legimus
635 1352 668 1415 p.
681 1350 757 1416 349.
772 1332 817 1396 D.
857 1329 902 1394 Ἢ
922 1329 962 1394 ὅτι
976 1333 1038 1405 τοὺς
1051 1331 1174 1406 ἐποίκους
1185 1332 1273 1415 ἔγρα-

234 1437 299 1512 do,
316 1447 350 1498 et
362 1433 593 1508 constcuclione
607 1447 641 1498 et
655 1449 846 1521 argumento
860 1433 1030 1513 obscurum
1045 1433 1104 1498 est:
1128 1433 1185 1520 qui
1200 1434 1273 1499 sunt

235 1535 358 1599 ἔποικοι)
388 1546 497 1598 utrum
525 1534 666 1600 Amades
691 1557 732 1600 an
758 1535 942 1614 Meffenios‚
966 1557 1049 1622 quos
1072 1534 1215 1600 tuendos
1239 1547 1274 1599 et

67 1641 71 1650 “
234 1635 469 1700 constituendos
487 1635 520 1701 in
538 1635 746 1702 Orationibus
767 1639 826 1702 Pro
848 1636 1103 1724 Megalopolitis,
1122 1637 1174 1700 De
1197 1638 1270 1700 Foe·

113 1725 125 1796 ,¹
235 1735 311 1802 dere
333 1735 540 1818 Alexandreo,
557 1750 591 1802 et
607 1738 689 1818 aliia,
711 1739 839 1804 suadet:
864 1761 905 1803 an
925 1738 966 1804 de
982 1737 1161 1803 conciliatis
1177 1739 1269 1802 Grae·

222 1839 292 1918 cia,
315 1839 409 1926 iplius
429 1840 618 1906 audiuntote
639 1855 673 1906 et
694 1841 867 1929 legatione,
888 1841 1033 1906 adversus
1052 1840 1268 1906 Macedones:

235 1943 266 2008 G
281 1941 338 2007 dat
352 1943 392 2006 δι’
406 1941 504 2024 οἴκους,
519 1965 584 2030 quo
599 1942 642 2008 nil
658 1943 864 2032 proficimus:
889 1942 942 2009 sed
963 1944 1033 2008 baec
1051 1944 1124 2008 sunt
1140 1942 1268 2007 naufra-

233 2044 289 2133 gia
310 2045 476 2110 verborum
499 2044 585 2110 unde
603 2059 719 2110 caetera
737 2045 864 2132 perdita
884 2045 1079 2132 cognoscere
1095 2067 1161 2110 non
1180 2044 1269 2111 licet.

130 2154 137 2182 ⁸
234 2145 412 2213 Alcibiadis
425 2146 555 2233 quidem
569 2145 705 2227 facium,
720 2170 785 2234 quo
800 2147 1041 2213 Mantineensec
1054 2161 1088 2211 et
1103 2145 1199 2211 Eleos
1214 2146 1269 2212 ad·

233 2250 337 2314 versus
357 2247 618 2313 lacedaemonios
640 2247 816 2335 conjunxit,
835 2250 878 2314 est
899 2248 980 2314 illud
1002 2247 1166 2334 proditum
1183 2249 1270 2335 apud

232 2348 456 2436 Thucydidem
468 2350 511 2414 V.
527 2368 582 2434 43.
616 2350 773 2415 Postrema
787 2351 862 2417 satis
876 2351 950 2416 sunt
962 2350 1139 2438 perspicua,
1153 2373 1270 2439 quam·
1318 2434 1321 2443 ,

233 2472 329 2537 quam
352 2450 501 2515 inchoata
519 2472 579 2516 nec
600 2450 764 2516 absolutat
787 2451 982 2517 Meziriacus
1003 2449 1170 2516 annotavit
1183 2451 1271 2517 λείπει

232 2555 264 2616 ri
277 2551 366 2627 τέλος.
