2714 4770
220 396 222 403 s
292 360 568 431 Qusssrrorrns
589 349 841 440 κοινωνικῷ.
859 361 925 436 264.
940 362 1046 420 Β-υ.
1150 381 1185 438 23

152 519 232 585 locis
253 519 407 608 inje&um
430 520 575 585 videatur
594 541 629 606 p.
650 520 723 599 288,
746 521 786 585 C.
814 521 890 607 388.
912 520 956 600 A,
976 522 1021 586 D.
1048 521 1125 602 428.
1146 521 1188 586 B.

151 623 355 689 Nicomacho
375 623 464 719 apurl
485 623 579 688 Phot.
603 623 824 689 CLXXXVI.
862 623 1025 703 Alterum,
1049 621 1090 686 ὅτι
1109 621 1191 687 πέντε

152 729 255 791 δεῖσθαι
271 730 332 791 θεῶν
346 727 407 801 τοὺς
421 724 530 810 γάμους
544 725 656 806 οἴονται,
668 749 734 790 non
748 737 787 790 ut
801 736 925 790 certum
940 726 1127 805 affirmatur,
1136 723 1190 790 sed
1248 746 1254 752 ·

154 841 192 892 ut
213 828 427 915 conjecturale
449 827 650 914 proponitur,
672 827 760 914 quod
772 827 899 914 fortaffc
913 827 1049 893 Romani
1063 828 1104 891 fic
1118 850 1188 892 cre-

153 928 290 994 diderint
311 930 453 1016 quinque
474 931 619 994 Deorum
645 929 707 994 effe
727 929 950 1015 praefecturam
971 928 1188 1015 Nuptiarum3

84 1093 87 1099 .
153 1053 227 1096 nam
248 1044 378 1119 poterat
400 1033 463 1097 hoc
484 1056 603 1097 munus
623 1056 700 1097 cum
720 1031 791 1098 aliis
804 1032 904 1097 etiam
917 1031 990 1097 Diis
1005 1031 1189 1096 communi·

151 1132 236 1197 cari:
252 1155 448 1220 quamquam
463 1147 501 1199 ut
515 1134 659 1200 absolute
674 1133 797 1199 dicium
809 1132 937 1220 reponit
950 1131 1123 1197 Briffonius
1137 1134 1189 1197 De
1264 1187 1271 1209 ς

152 1232 230 1299 Ritu
244 1235 350 1321 Nupt.
366 1257 400 1322 p.
414 1255 491 1321 311.
511 1235 544 1299 in
564 1235 759 1323 cognomine
780 1232 1018 1321 reprehendens
1031 1232 1188 1319 interpre-

112 1325 121 1343 ’
152 1346 232 1415 tem,
255 1335 358 1400 τέλειον
381 1336 568 1402 reddentem
590 1336 766 1425 perficium,
791 1358 888 1423 quem
914 1335 979 1422 ipse
1004 1335 1189 1423 Nuptiarum

110 1456 114 1466 ¹
147 1435 299 1523 praesidem
321 1437 453 1503 mallet:
476 1461 548 1526 quae
566 1439 778 1504 controverfio
799 1451 886 1503 certe
908 1452 972 1502 non
995 1436 1078 1502 tanti
1099 1450 1188 1502 erat:
1216 1505 1220 1512 ,

151 1553 186 1602 et
207 1553 390 1628 corruptam
404 1541 469 1607 loci
490 1553 614 1628 partem
638 1541 818 1622 citansynil
839 1540 880 1606 de
902 1539 1020 1606 mendo
1041 1533 1189 1605 monens.

153 1642 318 1708 Caeterum
339 1667 431 1716 cereos
453 1665 473 1708 a
499 1644 668 1710 Plutarcho
691 1642 964 1723 dictos,.diversos
985 1643 1045 1708 elie
1067 1664 1088 1706 a
1097 1640 1190 1728 saci·

151 1743 205 1807 bus
219 1744 401 1831 nuptialibus
416 1745 589 1831 suspicatus
598 1747 646 1811 est
659 1745 854 1811 doitiffimus
863 1743 1033 1810 Trekellus
1047 1743 1089 1808 sd
1103 1740 1188 1809 Bris-

115 1839 117 1842 ’
150 1845 452 1933 soniil.c.p.320.

194 1968 228 2032 p.
245 1949 318 2026 264.
334 1949 373 2013 B.
389 1947 449 2036 y'.]
476 1949 581 2015 Vicum
598 1951 765 2032 Patricium
776 1960 936 2014 memorat
951 1949 1057 2014 Festus
1071 1948 1104 2011 in
1118 1948 1188 2013 Vo-

152 2048 245 2113 cibus
259 2049 409 2114 Patricius
428 2051 461 2113 V
458 2050 531 2130 icus,
545 2063 580 2115 et
596 2050 795 2137 Septimontio.

196 2153 270 2233 264.
282 2153 321 2218 B.
344 2151 392 2237 m]
418 2151 529 2217 Livius
542 2154 570 2216 1.
583 2168 638 2237 45.
654 2154 833 2218 Varronem
848 2152 988 2231 secutus,
1003 2172 1071 2216 rem
1094 2149 1189 2216 sacri·

153 2251 217 2344 ficii
237 2254 425 2340 refert,·line
443 2254 627 2336 nominibus
647 2254 770 2320 domini
784 2267 818 2320 et
833 2253 996 2324 antistitis:
1019 2252 1096 2318 inde
1108 2252 1189 2319 item

121 2398 123 2401 ψ
150 2354 298 2421 Valerius
312 2358 404 2422 Max.
419 2358 497 2421 vll.
508 2377 543 2443 3,
557 2379 587 2422 1.
615 2357 788 2444 Templum
802 2355 945 2421 Dianaea
960 2352 1067 2420 Servio
1081 2353 1190 2420 Tullio

150 2454 184 2519 in
206 2457 368 2522 Aventino
389 2472 501 2524 monte
520 2458 687 2539 conditum
704 2457 845 2523 'celebrat
864 2454 1035 2544 Dionyfius
1050 2455 1129 2520 Hal.
1143 2455 1193 2528 A.

151 2559 348 2646 R.111.43.
371 2573 404 2625 et
426 2560 525 2625 alias:
549 2576 583 2625 et
604 2561 720 2626 Strabo
742 2571 899 2624 memorat
921 2559 980 2622 IV.
1001 2579 1036 2644 p.
1055 2573 1130 2645 273.
1144 2556 1189 2623 A.

150 2660 208 2726 ubi
221 2661 364 2728 videatur
380 2663 601 2728 Casaubonus.

195 2764 268 2845 264.
284 2766 328 2828 D.
345 2763 393 2850 t]
419 2767 461 2829 Et
482 2763 580 2851 hujus
595 2762 695 2829 moris
712 2763 783 2828 haec
799 2764 844 2827 est
865 2762 1032 2850 fingularis'
1051 2760 1188 2827 mentio.
1237 2822 1241 2829 .

151 2865 306 2941 Quodcd
322 2867 456 2930 Graecos
470 2865 601 2944 attinet,
622 2865 764 2953 pertinet
778 2866 843 2929 huc
857 2864 1038 2951 Hesychius
1052 2863 1085 2927 in
1098 2866 1189 2929 Voce
1262 2928 1267 2950 ,

152 2965 384 3054 Δευτιρὸτοτμος·
408 2972 421 3029 ὁ
443 2965 493 3029 riui
513 2965 593 3031 ritui
612 2965 843 3053 'thrptimorpo5·
867 2965 937 3030 circo
958 2966 985 3028 ii
1009 2964 1104 3050 ἔλεγον
1125 2965 1189 3031 ὅταν
1309 3013 1313 3024 .

56 3115 59 3120 -
133 3068 202 3133 ,τινὶ
216 3071 251 3144 ὥς
264 3070 386 3133 τιθνοῶτι
400 3073 438 3133 τοὶ
451 3068 613 3152 νομιζόμενα
626 3067 748 3154 ἐγένετο,
763 3055 811 3133 καὶ
825 3067 937 3155 ὕστερον
951 3067 1067 3152 ἀνεφάνη
1090 3071 1151 3151 ζῶν·
1175 3074 1190 3133 i

149 3174 177 3236 ii
197 3171 336 3256 Πολέμων
358 3174 405 3237 καὶ
428 3175 594 3259 ἀπειρῆσθαι,
608 3175 666 3247 τοῖς
678 3172 807 3247 τοιούτοις
820 3170 930 3235 εἰσιέναι
946 3175 982 3246 εἰς
995 3173 1028 3234 τὸ
1048 3174 1114 3259 ἱερὸν
1134 3180 1189 3237 τῶν

149 3279 263 3358 Σεμνῶν
278 3277 342 3356 φησι
356 3280 449 3341 Θεῶν.
488 3273 534 3339 Ἢ
550 3280 563 3336 ὁ
578 3276 718 3359 macchir
735 3276 778 3337 ivri
794 3273 868 3353 ξοίης
880 3273 1080 3352 τετελευτηκὼς
1094 3272 1189 3338 ἔπειτα

149 3379 311 3443 hauritur.
350 3376 396 3442 Ἦ
418 3383 432 3442 i
454 3380 485 3442 ri
508 3377 628 3466 δεύτερον
652 3380 698 3441 trs
721 3376 888 3463 γυναικείου·
903 3377 1006 3441 κόλπου
1031 3376 1130 3451 διαδός·
1153 3378 1189 3452 ὥς
1300 3440 1303 3454 ,

151 3481 206 3556 ἔθος
227 3479 257 3558 ἦν
279 3485 356 3567 παρὰ
377 3480 528 3558 Ἀθηναίοις
552 3483 584 3544 ἑκ
605 3478 728 3567 δευτέρου
750 3481 910 3564 γεννᾶσθαι.
953 3479 1065 3544 Altera
1089 3478 1210 3566 glosis,
1288 3536 1292 3546 .

152 3579 286 3645 1ιὶηοθῆ
304 3582 489 3647 contracta:
511 3581 744 3669 Ὕστιρότοτμος·
760 3578 783 3667 ᾧ
796 3583 874 3663 ζῶντι
886 3585 900 3644 i
910 3579 996 3660 τάφος
1010 3583 1042 3668 ori
1053 3579 1190 3655 τεθνηκότι

150 3682 261 3769 γὶγοιι.
299 3683 405 3748 Ἄλλοι
428 3686 456 3748 δὲ
482 3685 604 3772 δεύτεροιΔ
621 3683 727 3770 γάμοι.
770 3685 871 3748 Hunc
895 3682 1057 3748 Plutarchi
1079 3681 1188 3747 locum

150 3784 277 3850 secutus
292 3807 352 3850 nec
366 3785 558 3851 nominatim
576 3784 680 3850 citans
698 3784 764 3850 Jos.
788 3785 932 3873 Scaliger
952 3783 994 3848 ad
1017 3782 1140 3848 Festum
1155 3805 1187 3871 p.
1309 3863 1312 3869 ¹

150 3907 169 3976 3
172 3904 227 3974 59,
241 3885 412 3975 postliminii
420 3889 477 3976 jus
493 3910 533 3953 ex
553 3887 616 3952 hoc
638 3889 768 3967 Graeco,
787 3900 953 3973 tamquam
972 3884 1085 3950 Attico
1099 3907 1189 3952 more

150 3989 254 4056 ducit.
284 3975 382 4056 Certe
397 3990 579 4079 Hesychius
593 3991 687 4055 illum
700 3989 950 4078 regenerationis
967 3987 1066 4053 ritum
1081 3990 1188 4055 Athe-

151 4091 309 4158 nienlibus
329 4091 464 4157 tribuit:
487 4093 520 4156 in
535 4092 629 4181 cujus
647 4091 751 4157 verbis
766 4113 869 4178 nuper
883 4090 997 4177 aliquis
1011 4092 1188 4177 pronunci-

151 4216 209 4260 ans
225 4198 302 4282 παρὰ
323 4194 462 4277 Θηβαίοις
478 4195 654 4285 legendum
671 4196 733 4261 effe
747 4217 805 4282 pro
818 4199 896 4283 uugi
909 4194 1070 4275 Ἀθηναίοις,
1085 4194 1189 4282 magis

644 4318 701 4378 c4
1278 4308 1281 4321 “
