2714 4770
296 327 353 406 ua
367 327 484 391 rsruu
502 330 556 390 nr
575 330 753 391 osrmnr.
773 350 803 411 p.
818 330 1007 411 nasu-a.
1120 346 1176 409 ιις

133 486 418 578 AnonymumDe
432 488 511 556 Vita
524 489 718 578 Pythagorae
733 492 765 576 §z
779 510 832 577 23.
847 505 884 557 ut
898 491 1099 579 exploratum
1114 506 1179 558 tra·

135 587 195 655 dit.
1140 654 1143 658 ,

177 694 255 780 366.
270 692 316 760 D.
326 696 408 776 μονῦς
421 695 517 782 Ἀθύρ]
543 695 622 760 Vid.
636 717 671 782 p.
680 715 700 781 3
703 698 758 782 56
775 694 815 761 C.

137 797 253 882 366.
269 798 315 863 D.
329 796 432 874 Ἴσιδος
445 799 549 886 ulaine]
577 798 824 865 correctionem
841 821 905 886 qua
919 799 1016 885 Ifidis,
1033 819 1091 885 pro
1108 795 1176 882 Ofi-
1272 810 1276 820 ’

134 897 210 962 aidis
225 899 369 982 nomine,
392 924 512 968 nomen
526 900 704 989 posuimus,
720 915 831 967 tuetur
845 916 880 967 et
894 924 995 966 nexus
1009 898 1176 978 orationis,

89 985 91 997 ¹
134 1015 169 1065 et
187 1001 340 1068 codicum
356 1003 543 1084 aucloritaa,
558 1018 593 1069 et
607 1026 656 1069 rea
662 1003 749 1091 ipsa.
793 1004 858 1069 Bos
873 1019 906 1068 et
920 1005 1019 1068 Terra
1032 1002 1105 1067 sunt
1116 1001 1176 1067 la-

133 1102 207 1170 dia
197 1104 374 1193 imagines:
399 1119 436 1171 ut
450 1106 567 1173 diserte
584 1105 774 1172 Plutarchus
787 1129 821 1194 p.
832 1107 910 1195 366.
926 1107 969 1186 A,
983 1107 1017 1170 F.
1038 1106 1115 1191 363.
1130 1104 1175 1172 D.

134 1207 294 1293 Apuleius
314 1208 348 1276 in
369 1229 489 1296 pompa
509 1207 597 1275 Ilidia
615 1211 755 1274 Metam.
774 1210 836 1274 XI.
850 1229 885 1296 p.
900 1209 983 1275 262:
1006 1219 1071 1273 erat
1085 1217 1113 1272 et
1127 1206 1178 1271 bas

131 1311 342 1399 omniparentis
359 1310 626 1400 Daaefoecundunr
634 1310 842 1398 ſsnmlacrum.
885 1313 983 1377 Hanc
1003 1311 1121 1377 bovem
1142 1309 1177 1375 in

132 1413 211 1480 festo
229 1413 321 1481 luctu
339 1414 470 1482 Ofin'dia
487 1414 535 1479 ita
547 1414 729 1481 obvelatam
748 1414 904 1502 fignificat
923 1413 1114 1481 Herodotus
1128 1413 1175 1481 11.

135 1536 217 1604 132:
248 1524 263 1598 i
286 1519 314 1582 ii
332 1520 398 1596 βοῦς
413 1521 450 1582 τοὶ
465 1519 517 1601 μῦν
530 1515 855 1611 ἄλλοινοοτοιιιύκςντταν
870 1515 992 1605 φοινικέῳ
1006 1518 1111 1600 ulmi·
1128 1515 1178 1587 rit

130 1620 240 1706 οιῦχὲνοι
254 1623 282 1685 δῦ
300 1622 348 1686 aul
361 1625 410 1701 τὴν
424 1625 547 1706 nepotali
560 1621 647 1699 φούνοι
665 1620 867 1710 κοχςοτοομύνοι
888 1620 980 1708 auxii
995 1619 1087 1708 κύρτον
1098 1644 1176 1707 χρο-

130 1728 184 1808 σῷ·
205 1725 314 1806 praeiri
327 1727 355 1788 u
366 1732 421 1789 τῶν
441 1723 539 1812 κιρύοον
554 1730 568 1788 l
581 1730 630 1789 τοῦ
652 1723 729 1802 ἡλίου
748 1722 851 1799 κύκλος
871 1722 1058 1806 μεμιμημένος
1079 1721 1174 1787 irrora

128 1825 262 1912 χρύσεος·
281 1826 342 1891 iore
356 1828 384 1890 ii
400 1829 493 1906 ἡβοῦς
506 1831 557 1891 οῦκ
571 1827 643 1914 δρῦν),
656 1827 725 1891 ἀλλ’
740 1829 767 1890 iv
780 1825 897 1912 γούνασι
910 1824 1030 1908 κειμύνη·
1046 1823 1174 1911 ,μέγαθος
1220 1816 1224 1825 ’

131 1928 159 1991 δὲ
178 1926 278 2016 ύσητορ
298 1929 413 2013 μεγάλη
436 1931 502 2007 βοῦς
525 1929 587 2012 ζωή·
612 1926 754 2013 ὲνφύροται
777 1929 805 1992 δὲ
826 1931 858 1991 ia
871 1936 929 2018 τοῦ
951 1929 1098 2010 οἰκήματος
1119 1930 1189 2009 tva

129 2029 223 2094 τύντοι
238 2037 276 2097 τοὶ
290 2030 366 2112 iria,
381 2034 461 2094 irruit
474 2030 631 2095 τύπτωνται
652 2036 676 2094 ui
691 2029 841 2116 Αἰγύπτιοι
856 2030 904 2094 τὸν
917 2034 966 2095 οῦκ
981 2027 1175 2113 ύνομονζύμονον

129 2133 186 2197 θοῦν
207 2135 250 2197 ὑπ’
273 2136 339 2214 ῦμιῦ
361 2135 405 2197 ἐντὶ
425 2133 538 2220 τοιούτῳ
558 2133 717 2221 πρήγματι·
752 2130 817 2197 huc
842 2131 979 2197 refertur
1004 2143 1038 2197 et
1063 2129 1175 2199 tabula

130 2232 216 2320 pitu
230 2235 262 2308 in
280 2233 442 2301 Herodoti
455 2232 654 2300 editionibus
665 2233 740 2299 huic
755 2232 832 2298 loco
845 2231 967 2314 addita,
984 2245 1018 2299 et
1032 2232 1174 2301 narratio
1260 2302 1264 2309 ,

130 2337 294 2404 Plutarchi
314 2337 348 2404 in
369 2359 434 2425 qua
450 2342 517 2419 βοῦν
537 2337 689 2425 διάχρυσον
707 2338 889 2425 intelligere
901 2336 1173 2426 oportetstatuanr

128 2452 158 2503 et
167 2442 295 2529 ſsgnum
310 2441 394 2506 bovis
410 2442 570 2507 inaurata.
607 2441 706 2507 Conf.
722 2440 923 2507 Schmidtiua
937 2443 990 2507 De
1004 2441 1173 2508 Sacerdot.

128 2549 208 2631 AEg.
230 2564 265 2629 p.
281 2563 357 2612 aro.
403 2545 499 2608 Forte
518 2543 572 2609 cui
590 2542 624 2606 in
645 2556 789 2609 mentem
804 2542 909 2608 veniat
924 2542 1087 2631 corrigere
1108 2549 1174 2630 γῆς,

127 2672 201 2736 quae
224 2646 319 2712 nobie
344 2667 408 2709 non
436 2645 604 2711 necessaria
629 2644 768 2710 mutatio
791 2643 936 2725 videtur3
964 2645 1096 2732 vulgata
1119 2651 1173 2732 γοῦν

128 2750 203 2817 satis
223 2748 344 2812 bonam
364 2746 554 2810 sententiam
579 2747 757 2831 praebent'e,
780 2746 879 2809 bovem
901 2745 991 2809 etiam
1012 2757 1041 2808 et
1061 2757 1173 2811 terrun

126 2860 238 2938 putant
250 2849 304 2936 effi
317 2848 479 2936 imaginem
493 2847 592 2933 Iſsdis.
623 2847 721 2912 Plane
732 2845 885 2911 audadler
895 2859 930 2911 et
941 2859 1062 2912 temere
1075 2846 1172 2934 Squi-

128 2952 195 3018 rlus
216 2951 249 3016 lu
268 2963 458 3017 contextum
480 2948 612 3029 invexit,
625 2952 692 3029 βοῦν
709 2952 769 3037 γοὶς
786 2946 924 3032 Ὀσύριῦος
937 2949 1028 3012 uiridia
1042 2947 1174 3037 ἔμψυχον

126 3056 279 3140 νομίζοντι.
323 3057 412 3120 Nam
426 3052 533 3140 quod
531 3051 728 3117 Meziriacus
742 3049 908 3115 annotavit
910 3053 1000 3129 ,βοῦν
1013 3054 1072 3138 γὰρ
1085 3053 1172 3118 'Orl-

125 3161 208 3247 ριδος,
226 3158 259 3223 τῦ
280 3158 308 3222 δῦ
329 3157 494 3237 βοσσννῦνι
485 3154 594 3238 ιμύτιον
615 3152 705 3219 εἶιιύνοι
728 3159 780 3240 γῆς
805 3152 955 3238 νομίζοντι,
973 3153 1110 3241 suscepit
1131 3177 1172 3222 ex
1229 3246 1231 3251 Α

124 3263 284 3351 Amyoto,
299 3283 356 3348 qur
346 3260 411 3325 fic
425 3281 465 3325 ex
478 3257 663 3344 conjectura
677 3257 782 3324 vertit.

167 3365 244 3450 366.
261 3365 297 3428 F.
316 3368 359 3450 Τῇ
375 3363 428 3426 u’
417 3360 513 3448 οννύτῃ
528 3358 619 3423 iali'
591 3362 659 3424 δεκοο
674 3385 768 3437 νιιιιτος
782 3360 825 3424 ltrl
839 3358 984 3425 ῦύλοεττοιν
998 3360 1167 3447 aeirem-J

125 3465 255 3532 Rectius
270 3493 309 3531 aa
289 3464 400 3546 arlaci,
415 3463 602 3553 discendunt
626 3461 692 3528 Sed
706 3461 809 3550 major
819 3461 863 3527 est
874 3461 1069 3527 difficultas
1060 3485 1094 3528 rn
1107 3486 1170 3529 nu·

122 3589 226 3634 mero.
268 3568 357 3652 ¹Num
377 3589 479 3654 quum
503 3565 612 3631 luctus
634 3555 862 3652 argumentum
887 3578 1029 3652 quatuor
1050 3581 1170 3651 parter,

123 3670 263 3757 ideoque
283 3666 351 3737 dier
370 3667 520 3748 totidem,
540 3669 675 3734 haberet
685 3691 696 3748 ς
722 3689 786 3733 non
809 3680 944 3755 apparet
959 3688 1058 3754 quare
1073 3665 1172 3735 tertio

122 3771 177 3838 dic
209 3769 321 3835 festum
349 3791 389 3834 ex
413 3768 544 3857 lugubri
568 3769 602 3841 in
633 3769 745 3834 laetum
775 3781 966 3848 mutaretur,
992 3766 1169 3855 praesertim

122 3897 224 3965 quum
247 3871 363 3937 diserte
385 3870 439 3937 hic
461 3871 585 3938 diuum
607 3871 656 3952 fit,
671 3869 878 3958 quatriduum
894 3870 938 3934 aa
951 3868 1038 3952 πύνθιι
1052 3875 1101 3948 τῆς
1112 3869 1170 3935 θοοῦ

122 3975 251 4041 οᾶιιωο
276 3996 383 4061 neque
405 3972 536 4039 aliunde
558 3975 691 4052 constet,
712 3972 837 4038 luctum
860 3971 978 4058 perditi
999 3985 1034 4037 et
1054 3983 1169 4061 gratu·

19 4158 27 4170 .
121 4078 276 4145 lationem
295 4077 414 4165 reperti
437 4074 579 4156 Ofiridis,
598 4074 713 4142 eodem
736 4074 890 4163 deinceps
910 4089 1058 4163 tempore
1080 4075 1168 4144 cele·

121 4180 206 4245 brari
221 4180 426 4246 consuevilse.
455 4181 564 4269 Quam
578 4178 802 4245 difficultatem
817 4178 1018 4244 Jablonlkius
1030 4177 1063 4244 in
1074 4167 1169 4252 Nove

121 4284 293 4370 interpret.
316 4284 449 4350 Tabulae
476 4282 580 4346 ltiacae
602 4281 756 4369 Opuscul.
775 4280 851 4373 Vol.
868 4284 913 4347 11.
934 4304 968 4369 p.
983 4284 1166 4368 257—262.
1305 4338 1309 4353 .

163 4405 251 4451 VOL.
269 4406 344 4452 vn.
634 4404 659 4448 0
