2714 4770
215 348 274 407 ιιι,
350 327 393 389 o.
414 330 462 388 w.
482 329 682 391 ιιιιιιιιιιιν.
703 329 748 388 rn
769 315 1009 390 subsanens-
1023 291 1102 390 uus.

212 489 268 578 agi
289 502 414 555 narrate
438 489 491 555 sed
512 489 678 577 quomodo
695 488 749 555 hic
769 488 837 555 dies
858 489 982 576 semper
1000 488 1033 554 in
1055 490 1199 570 Novam,
1220 489 1261 555 id

212 593 257 658 est
276 593 465 673 Obscuram,
487 595 613 658 Lunam
636 592 770 673 ineidat,
792 614 857 679 qua
877 592 934 658 Sol
954 605 989 658 et
1009 594 1114 674 Luna,
1134 593 1169 658 in
1188 614 1262 659 una

213 696 300 762 reas
314 695 398 761 linea
411 684 453 761 ed
467 697 597 762 Terram
617 697 700 776 sunt,
715 694 854 783 intelligi
875 695 1006 783 nequit3
1030 695 1083 761 nifi
1106 709 1142 761 ut
1165 695 1261 762 dieas

214 798 327 864 festum
343 799 406 864 hoc
420 822 485 865 non
501 798 746 864 anniversarium
762 797 863 878 seille,
882 798 937 864 sed
957 797 996 862 iis
1015 811 1142 864 tantum
1161 798 1261 864 annis

130 982 132 986 Ι
214 901 269 990 agi
290 902 430 982 solitum,
453 902 570 989 quibus
594 902 773 989 trigestrnus
791 900 860 990 ejus
880 901 999 966 Mensis
1019 900 1090 983 dies
1106 901 1139 966 in
1154 928 1260 986 νιιμιι·

212 1003 284 1082 νίιιι,
302 1004 527 1085 Novilunium,
549 1004 718 1071 incideret.
764 1005 861 1068 Porro
883 1008 920 1089 τῇ
941 1003 1022 1090 ὀγδόῃ
1050 1005 1184 1086 utone,
1206 1010 1262 1068 τοῦ

213 1109 317 1191 φιιαιφι,
333 1105 532 1172 reddendum
553 1119 623 1171 erat
640 1107 779 1194 vigeſsmo
800 1113 900 1171 οθαιιο
913 1105 963 1168 die
976 1105 1091 1190 Menfis
1105 1105 1261 1194 Phaopbr',

212 1230 280 1272 non
296 1223 334 1273 ut
348 1231 435 1273 nunc
450 1208 574 1274 editum
590 1209 645 1289 est,
656 1206 948 1296 vigeſsmasecundn.
978 1205 1145 1294 Allegoria
1156 1206 1263 1271 baculi

118 1333 124 1341 ·
216 1310 296 1377 Solis
308 1334 348 1376 ex
363 1310 479 1376 eodem
493 1311 537 1376 est
547 1333 667 1398 genere
680 1332 748 1399 quo
761 1309 827 1390 illa,
838 1332 911 1397 quae
924 1308 1073 1376 Vulcano
1086 1321 1125 1374 ut
1137 1308 1262 1375 claudo

214 1413 329 1483 tribuit
351 1412 494 1493 bacillos,
517 1413 593 1499 quia
613 1411 698 1500 ignis
715 1412 806 1499 ligno
827 1410 962 1476 alendus
980 1410 1043 1490 est:
1067 1433 1166 1498 quam
1183 1411 1262 1477 P-lu-

215 1517 347 1582 tarchus
363 1516 470 1604 prodit
483 1517 535 1582 Dc
548 1515 653 1583 Vultu
666 1518 767 1580 Lunae
781 1536 814 1601 p.
827 1533 903 1602 922.
919 1515 961 1579 A.
980 1513 1035 1579 ubi
1050 1512 1162 1578 similia
1174 1514 1260 1579 alio·

215 1642 286 1685 mm
307 1619 394 1686 dista
413 1620 600 1685 reseremus.
644 1618 777 1699 Rursus,
799 1616 887 1705 quod
909 1616 1031 1683 reditus
1054 1616 1137 1682 Solia
1156 1640 1179 1682 a
1194 1618 1260 1684 sol·

213 1720 298 1787 {litio
320 1721 456 1787 hiberno
478 1720 519 1788 ad
545 1720 685 1786 aestivum
710 1721 825 1809 πάριδος
849 1719 980 1800 dicitur,
1005 1719 1090 1785 reste
1115 1718 1261 1799 dicitur;

215 1842 277 1889 nec
291 1823 479 1893 Marklandi
492 1824 610 1911 περίοδος
624 1821 828 1911 probandum
842 1849 849 1888 ι
874 1822 963 1908 quod
975 1835 1084 1887 autem
1099 1821 1154 1886 hic
1170 1822 1260 1888 redi·

215 1939 271 1992 tus
285 1925 422 2013 septimo
436 1927 544 1992 mense
565 1925 680 1992 confici
701 1924 898 2012 perhibetur,
914 1924 1018 1989 rursus
1032 1939 1140 1989 movet
1154 1923 1260 2011 suspi-

216 2028 344 2095 cionem
366 2031 509 2095 Lunares
531 2028 661 2094 Menses
683 2027 868 2115 fignificari3
897 2026 951 2090 nisi
980 2025 1173 2092 Plutarchus
1198 2048 1261 2113 pro

212 2118 304 2199 sexto
323 2132 495 2218 septimum
518 2130 635 2218 posuit,
656 2131 732 2218 quia
750 2144 829 2196 tunc
850 2128 1028 2216 perfeetum
1043 2129 1161 2217 etjam
1176 2151 1261 2196 con·

214 2233 410 2299 summatum
435 2235 479 2300 est
501 2256 583 2322 opus
603 2240 651 2310 τῆς
672 2234 801 2320 repulso.
847 2234 884 2296 In
912 2231 1017 2297 verbis
1041 2233 1151 2318 τετράδι
1176 2235 1262 2316 μηνὸς

216 2337 364 2419 ἱσταμένου
386 2337 495 2400 πάντων
519 2344 636 2423 πρῶτος,
663 2334 789 2400 videtur
815 2333 961 2400 excidisse
987 2356 1105 2400 nomen
1131 2333 1260 2417 mensa,

209 2438 305 2524 'quod
326 2438 452 2503 sortasse
473 2438 572 2509 lateat
594 2438 627 2502 in
646 2438 767 2516 πάντων,
783 2457 921 2524 proquo
941 2436 1084 2524 Scriptor
1098 2437 1193 2503 liedes
1207 2439 1261 2504 vel

211 2539 331 2625 Παχῶν
353 2539 496 2620 dederit3
520 2540 709 2618 anteactis,
733 2539 767 2604 id
787 2539 831 2604 est
852 2539 984 2618 ἑκάστου,
1008 2539 1260 2630 uniuscujusque

215 2641 345 2706 menfis:
370 2640 467 2728 hujus
485 2656 593 2707 autem
617 2641 683 2707 festi
698 2641 959 2729 significationem
975 2641 1007 2705 in
1022 2641 1146 2706 Tabula
1161 2643 1262 2707 lfiaca

212 2742 361 2830 reperisse
383 2744 439 2808 sibi
461 2743 629 2809 videbatur
649 2742 861 2822 Jablonskius‚
883 2757 920 2807 ut
942 2742 1083 2829 prodidit
1105 2744 1136 2808 in
1160 2741 1260 2830 hujus

215 2846 348 2912 Tabulae
362 2842 455 2911 Nova
472 2847 741 2935 Interpretatione
755 2847 873 2934 Opusc.
891 2848 934 2911 ll.
952 2868 985 2932 p.
1000 2866 1074 2932 235,
1088 2849 1162 2934 236.
1189 2850 1260 2915 De·

215 2945 314 3035 nique
333 2947 463 3037 replens
484 2973 549 3015 non
566 2972 746 3039 repugnem
763 2951 781 3014 fi
796 2949 868 3038 quis
883 2972 903 3014 a
916 2949 1055 3030 librario,
1070 2951 1112 3016 ab
1125 2942 1260 3016 audore
1296 2953 1300 2963 '

212 3050 335 3136 πριΐασι
350 3051 532 3136 profestum
547 3064 652 3137 putet.

258 3168 334 3238 372.
349 3154 394 3217 D.
412 3143 689 3243 ''Oeagri-Esseni]
717 3156 943 3242 Comparande
960 3156 1032 3222 sunt
1047 3180 1119 3243 quse
1134 3176 1169 3244 p.
1180 3157 1259 3243 365.

216 3255 253 3319 F.
277 3253 428 3340 legimus.
474 3255 538 3321 Sed
552 3256 622 3322 haec
637 3258 681 3321 est
696 3258 820 3323 notatio
836 3274 1060 3325 commentum
1074 3282 1186 3326 eorum
1200 3261 1260 3348 qui

215 3379 267 3421 res
281 3357 496 3444 AEgyptiacas
511 3362 624 3437 ἐξιλληι
626 3357 688 3440 ἵζειν
704 3359 864 3427 solebant:
880 3361 982 3428 verior
995 3362 1207 3451 cognoscatur
1219 3385 1261 3428 ex

213 3457 253 3523 iis
254 3482 365 3547 ,quos
372 3460 668 3528 citatJablonssrius
684 3464 799 3529 Panth.
811 3465 890 3552 AEg.
904 3467 940 3531 Ρ.
953 3466 980 3530 Ι.-
972 3487 1023 3552 ..p
1037 3467 1260 3551 127,144.11.

214 3581 248 3646 p.
266 3562 341 3644 148.
363 3575 397 3627 et
420 3563 557 3629 Colledt.
580 3566 663 3630 Voc.
685 3565 765 3652 AEg.
791 3589 826 3655 p.
850 3567 923 3652 187
948 3589 1023 3633 cum
1048 3568 1261 3633 annotatione

213 3662 373 3728 'l’ewateri
387 3665 493 3730 nostri.

257 3782 334 3851 372.
356 3767 401 3831 D.
424 3771 520 3847 τὴιδε
507 3767 611 3834 ὲίΙσι
598 3774 688 3855 ιιύχ
711 3769 859 3859 ἑτέραν
825 3798 873 3849 της
897 3771 1030 3859 Σελήνης]
1055 3703 1261 3839 Jablontlius

216 3867 331 3933 Panth.
346 3872 425 3958 AEg.
444 3873 477 3935 P.
495 3873 540 3936 ll.
555 3894 589 3958 p.
603 3888 636 3956 7,
650 3873 683 3938 8.

257 3988 334 4057 372.
353 3975 390 4036 E.
411 3972 507 4048 ἄλλως
526 3973 564 4062 γέ
585 3975 656 4059 πως]
681 3975 790 4063 Hujus
805 3976 936 4063 quidem
952 3976 1016 4044 loci
1029 3977 1185 4044 sententis
1200 3999 1263 4065 po-

215 4073 310 4138 stulat
323 4073 400 4157 ἄμοις
415 4076 451 4159 γε’
465 4102 535 4156 πως,
550 4077 668 4164 quade
684 4078 824 4143 formula
838 4078 976 4145 diximus
991 4102 1024 4167 p.
1039 4096 1092 4166 73.
1108 4083 1161 4146 E..
1182 4081 1262 4147 Cae-

215 4184 322 4238 terum
345 4191 377 4240 et
398 4175 493 4253 ἄλιιις
515 4180 551 4267 γε’
571 4205 629 4253 πως
648 4180 799 4265 probum,
814 4203 874 4248 nec
890 4180 1073 4268 infrequens
1087 4183 1144 4263 est,
1160 4183 1264 4252 veluti
