2714 4770
271 354 536 418 QUAES'I'IONES
557 355 739 415 GRAEGAS.
760 376 788 436 p.
803 373 872 433 300.
887 355 1022 432 Α-3ο3.
1036 357 1071 416 Α.
1152 375 1189 436 73

198 535 234 601 p.
249 533 325 600 302.
340 514 383 578 A.
398 513 474 602 μςῖ]
501 513 619 578 Tralles
639 513 785 580 conditae
805 515 847 580 ab
864 513 992 602 Argivis
1010 526 1045 580 et
1058 478 1190 604 quibus·

156 613 233 679 dam
254 615 444 696 Thracibus,
466 614 551 682 unde
576 639 694 682 nomen
716 616 788 681 urbi
809 614 933 696 venisse,
953 615 1051 682 tradit
1074 616 1192 682 Strabo

155 716 249 781 XIV.
264 739 298 803 p.
313 719 386 804 960.
403 716 450 781 Bt
475 717 584 801 etiope
605 717 633 782 di
653 736 737 802 φασιν
755 718 821 783 εἶναι
838 722 889 795 τὰς
902 719 1041 808 Τράλλεις
1048 716 1192 806 ιἈρνριίννν

155 816 208 880 καί
226 843 305 881 τιναν
325 821 459 904 Θρακῶν,
481 822 528 899 ἄρ’
547 817 729 903 ὤν’τιῦνιμα·
760 842 833 908 quae
851 820 946 885 verba
965 819 1072 884 minue
1093 817 1191 884 intel·

155 917 242 985 ledia
264 942 384 1008 magno
407 921 607 1002 casaubono,
631 923 717 988 redte
742 921 887 1009 exposuit
914 923 960 986 H.
985 921 1126 987 Valefiua
1149 920 1191 986 ad

156 1020 355 1109 Hesychium
371 1023 454 1088 Voc.
476 1023 628 1110 Τράλλεις,
643 1045 740 1111 quem
754 1024 918 1089 Thracum
932 1021 1021 1088 fuisse
1034 1021 1190 1112 populum

155 1123 253 1189 etiam
274 1123 405 1189 aliunde
426 1125 557 1190 constat.
580 1149 610 1190 v.
627 1147 658 1191 c.
680 1125 852 1192 Plutarcho
869 1124 1042 1214 Apophth.
1063 1125 1141 1190 Lac.
1156 1147 1192 1212 p.

156 1244 230 1292 211.
244 1226 290 1291 D.
313 1224 461 1313 Agesilao
475 1248 507 1313 p.
521 1228 596 1309 604.
611 1228 655 1293 D.
670 1241 703 1292 et
717 1227 786 1293 aliis
802 1226 1041 1314 aWesselingio
1053 1226 1095 1292 ad
1108 1225 1191 1292 Dio·
1208 1220 1210 1224 ⁸

155 1326 270 1392 dorum
292 1326 357 1393 Sic.
372 1328 411 1393 Τ.
427 1329 473 1393 ΙΙ.
489 1350 523 1416 p.
539 1349 614 1397 210.
629 1329 760 1397 notatis.
805 1329 895 1395 Prius
916 1329 1038 1397 Anthea
1059 1328 1190 1395 diceba-

154 1442 219 1510 tur,
240 1442 278 1495 ut
296 1430 407 1495 audior
421 1430 465 1495 est
475 1431 659 1518 Stephanus
672 1432 753 1519 Byz.
768 1429 801 1495 in
814 1429 953 1516 Τρίιλλις,
969 1429 1025 1495 ubi
1039 1419 1190 1495 consula·
1290 1440 1293 1446 “
1340 1483 1344 1497 .

153 1544 209 1597 tur
230 1531 425 1597 Holstenius.
470 1534 507 1597 In
522 1534 585 1599 fine
599 1557 658 1622 pro
669 1532 855 1623 Τραλλιανδν,
868 1532 947 1599 Ald.
961 1531 1033 1599 Bas.
1049 1534 1088 1598 E.
1103 1531 1190 1599 Voss.
1246 1578 1249 1587 ι

156 1635 190 1700 Ρ.
205 1633 285 1700 dant
298 1639 493 1724 Τραλλιανῶν,
507 1635 667 1703 disertius.

194 1755 270 1822 302.
285 1738 323 1803 B.
336 1736 410 1825 μζ.]
440 1739 643 1805 Proverbiurn
671 1760 711 1804 ex
731 1737 795 1804 hoc
816 1759 883 1804 uno
904 1736 978 1804 loco
999 1737 1134 1804 relatum
1156 1737 1190 1804 in

154 1836 371 1903 stromateum
394 1840 532 1920 Schotti‚
551 1861 653 1926 10132
676 1840 824 1928 Διινὸτιρα
844 1838 953 1926 πάσχει
971 1837 1132 1921 inpediunt
1157 1851 1192 1903 et

152 1939 275 2004 Erasmi
289 1940 397 2028 Adag.
412 1963 446 2028 p.
461 1944 537 2028 966.

196 2058 273 2125 302.
288 2041 329 2104 C.
342 2040 415 2126 pass]
440 2042 634 2131 Larcippides
655 2065 728 2129 quae
750 2042 882 2120 fuerint,
900 2042 1022 2106 constat
1033 2063 1073 2107 ex
1085 2041 1191 2128 Apol·
1334 2058 1338 2063 ’

151 2140 266 2207 Iodoro
280 2142 340 2208 VI.
359 2162 410 2221 10,
424 2162 462 2228 3:
487 2163 537 2222 11,
555 2162 587 2209 a.
606 2143 663 2208 ubi
682 2143 894 2210 consulendus
915 2143 1083 2231 Heynius:
1108 2145 1190 2209 Pau·

152 2243 238 2334 sunia
251 2243 313 2308 III.
332 2263 382 2324 12,
401 2265 452 2331 13,
471 2247 522 2311 16.
538 2267 619 2333 quos
633 2260 666 2311 et
680 2245 760 2311 alios
779 2244 890 2309 citavit
903 2245 1061 2311 Meursrus
1076 2244 1109 2310 in
1125 2244 1190 2313 hoc

151 2360 344 2434 argumento
366 2346 504 2413 Miscell.
527 2348 647 2413 Lacon.
668 2348 714 2416 II.
736 2367 788 2433 15.
812 2346 865 2414 sed
887 2346 929 2411 de
950 2345 1055 2412 Uliffis
1076 2346 1191 2413 sacello

152 2471 217 2514 non
240 2448 293 2513 nisi
316 2448 404 2514 hunc
428 2449 590 2515 Plutarchi
611 2449 720 2515 Iocum
741 2448 876 2536 apponit
896 2450 923 2513 1.
942 2468 974 2531 4.
1012 2448 1189 2515 Palladium
1251 2533 1254 2538 ι
1289 2457 1292 2469 ’

152 2549 215 2616 hoc
228 2549 323 2616 multi
337 2550 425 2637 apud
438 2551 469 2616 se
483 2552 545 2616 esse
558 2550 780 2638 gloriabantur
792 2550 924 2639 populir
948 2549 980 2613 in
995 2549 1047 2616 hia
1061 2551 1190 2639 Argivi,

122 2655 192 2738 put
212 2653 377 2720 Pausanias
398 2653 509 2742 prodit
527 2656 571 2718 II.
594 2643 654 2739 23.
667 2653 708 2718 de
730 2653 800 2719 aliis
820 2651 966 2739 exposuit
985 2654 1133 2742 Heynius
1147 2654 1189 2720 ad
1288 2650 1294 2659 ’

152 2754 269 2841 Virgil.
285 2758 363 2820 AEn.
380 2756 425 2819 II.
442 2771 622 2842 293—297.
644 2755 774 2819 Excurs.
791 2756 853 2818 IX.

195 2875 271 2941 302.
282 2859 322 2921 E.
337 2856 406 2941 ps]
423 2859 517 2921 AEtas
533 2857 646 2922 saltem
659 2856 792 2920 instituti
803 2854 901 2919 morie
912 2855 1033 2920 constat
1043 2878 1083 2921 ex
1095 2868 1192 2922 aetate

152 2958 308 3044 Zeipoetoe
335 2958 419 3045 regis
446 2957 608 3044 Bithynia.
638 2955 730 3044 cujus
758 2977 895 3042 regnum
924 2955 965 3020 ab
994 2954 1191 3044 Olympiade

153 3060 280 3126 CXIII.
299 3079 328 3124 1.
351 3059 392 3125 ad
413 3059 570 3125 CXXIV.
590 3078 624 3141 4.
644 3057 758 3124 desinit
779 3056 972 3124 Vaillantius
994 3055 1028 3121 in
1050 3057 1190 3125 Historia

150 3160 456 3227 Achaemenidarum
481 3181 515 3247 p.
536 3179 613 3246 301,
640 3158 729 3224 hunc
755 3170 863 3224 tamen
890 3157 1054 3224 Plutarchi
1079 3157 1189 3227 locum

150 3265 324 3329 omittensr
347 3286 445 3352 quem
466 3263 601 3329 adhibet
615 3262 788 3328 Palmerius
802 3260 843 3327 ad
857 3260 992 3327 Diodor.
1008 3261 1072 3328 Sic.
1086 3263 1125 3328 T.
1142 3264 1188 3330 II.

149 3386 183 3452 p.
198 3369 275 3451 364.
320 3364 548 3430 Chalcodoniis
564 3387 637 3429 cum
654 3363 820 3451 Byzantiis
841 3363 1038 3428 interceffiffe
1053 3364 1187 3430 societa-

149 3480 219 3533 tem
232 3469 341 3533 multis
356 3467 510 3554 exemplis
524 3466 749 3554 cognoscitur:
773 3465 934 3531 civitatem
949 3465 1059 3546 etiam,
1073 3466 1188 3534 diserte

151 3570 260 3657 prodit
273 3571 452 3635 Athenaeua
467 3570 545 3635 XII.
562 3592 594 3656 p.
609 3572 686 3655 526.
703 3572 739 3634 F.

194 3695 227 3760 p.
242 3692 319 3759 303.
336 3673 378 3736 Α.
393 3671 440 3758 ν’.]
465 3672 588 3760 Agenor
606 3670 745 3758 Argivus
767 3669 860 3735 suum
881 3671 979 3737 habet
997 3671 1030 3736 in
1045 3671 1187 3736 vetustis·

151 3775 227 3841 fima
248 3775 428 3840 fabularum
450 3773 622 3839 traditione
643 3771 765 3838 locum.
802 3772 1020 3861 Apollodorus
1040 3775 1086 3836 II.
1106 3792 1136 3853 1,
1155 3792 1187 3841 2.
1213 3854 1215 3858 3

149 3879 244 3967 Argi,
269 3872 436 3944 Phoroneo
451 3877 529 3956 nau,
544 3899 584 3942 ex
597 3875 662 3941 filio
675 3876 760 3956 Jaso,
776 3889 926 3961 nepotem
940 3873 1059 3960 prodit.
1102 3873 1185 3940 Hel·

149 3982 273 4047 lanicus
293 3979 381 4067 apud
401 3978 601 4045 Eustathium
623 3977 664 4043 ad
688 3977 780 4044 Iliad.
798 3980 834 4040 Γ.
855 3999 887 4063 p.
906 3976 983 4061 385.
1029 3976 1189 4043 Phoronei

151 4084 265 4163 filium,
287 4082 407 4171 Pelasgi
426 4083 551 4169 Jafique
573 4081 714 4147 fratrem.
761 4079 928 4147 Pausanias
945 4080 989 4144 II.
1008 4080 1059 4144 16.
1075 4079 1189 4167 quinta

149 4183 357 4273 generatione
372 4184 405 4249 in
422 4182 550 4271 posteris
566 4182 738 4263 Phoronei,
753 4204 828 4247 cum
844 4181 941 4247 fratre
954 4180 1027 4248 Jaso
1041 4181 1147 4270 ponit.

193 4303 269 4371 303.
292 4286 335 4350 Α.
359 4284 427 4371 να’.]
458 4283 587 4351 Bestius
617 4283 677 4350 effe
706 4288 738 4348 ὒιι
765 4291 819 4347 τῶν
847 4286 922 4371 ὀρῶν,
945 4304 983 4350 ex
1007 4281 1187 4362 montibus,
