2714 4770
264 327 320 387 nn
341 325 837 390 nonruuanounuonuu
858 350 885 409 p.
900 347 969 406 323.
984 331 1089 391 n-n.
1167 354 1224 433 103¹
1277 312 1280 314 ’

176 484 357 570 primibus,
377 487 541 554 Nummio.
564 487 640 555 Vid.
663 488 828 554 Fabricius
848 488 890 554 ad
905 489 1005 555 Dion.
1025 491 1108 556 eaff.
1130 494 1218 560 LIV.

180 604 234 650 10.
280 588 440 654 Gesnerue
464 587 505 655 ad
536 589 707 656 Claudian.
744 593 782 655 In
805 586 871 673 vl.
894 591 991 681 Cons.
1014 593 1166 674 Honorii,
1188 616 1218 659 1.

174 685 276 753 Aram
297 690 402 754 Malae
422 691 566 757 Fortunae
585 693 734 781 Esquiliis
756 695 949 782 consecratam
969 694 1218 782 proditCicero

173 789 257 855 Nat.
273 792 373 858 Deor.
391 793 455 857 111.
472 809 524 879 25.
548 796 630 883 Leg.
647 797 691 860 11.
711 816 761 860 11.

218 912 293 981 323.
309 898 353 961 A.
374 895 473 982 Τύχης
497 896 646 984 ausaritis]
672 899 857 964 Memorata
871 898 991 986 Quaest.
1007 887 1163 967 Romu.
1181 924 1215 989 p.

176 995 253 1061 281.
268 996 314 1061 D.

124 1170 128 1178 ,
218 1116 294 1185 323.
319 1100 360 1165 A.
386 1099 546 1186 Ἀφροδίτης
566 1100 779 1188 Ἐπιταλαρίου]
812 1102 889 1167 Νοη
912 1101 1043 1167 aliunde
1070 1103 1214 1191 cognita.

173 1200 353 1268 Larcherus
366 1203 447 1268 Diff.
463 1202 504 1268 de
515 1205 641 1269 Venere
655 1224 689 1290 p.
703 1223 776 1272 201.
791 1203 910 1291 accipit
923 1227 943 1271 a
956 1204 1089 1292 ταλάροις
1102 1206 1215 1294 qualis,

176 1301 210 1366 in
231 1302 347 1390 quibua
366 1305 495 1382 lanificii
517 1306 613 1393 pensa
634 1319 668 1370 et
689 1304 897 1371 instrumenta
917 1304 1101 1393 ponuntur:
1126 1323 1164 1374 ut
1179 1309 1216 1375 fit

177 1404 272 1469 Venus
293 1405 420 1494 lanificii
437 1406 557 1495 praeses.
603 1409 650 1473 At
671 1407 865 1473 Meziriacus
879 1408 1044 1474 annotavit
1058 1411 1101 1473 ἐπί
1115 1426 1213 1475 ταλα-

170 1507 229 1595 plor
251 1509 283 1574 in
304 1509 374 1576 ludo
397 1511 528 1577 talario:
551 1503 635 1599 quafi
656 1535 714 1576 ara
731 1526 820 1600 prope
840 1510 943 1576 ludum
958 1512 1101 1581 talariam
1115 1513 1216 1600 polita

139 1599 150 1609 ’
172 1610 281 1678 fuerit.
324 1615 397 1679 Noa
411 1614 444 1679 in
461 1626 607 1680 neutram
625 1625 747 1701 partem
764 1613 898 1679 statuere
912 1615 1088 1700 poliumue.
1114 1615 1214 1702 Τιίχιις

169 1710 276 1800 illim
290 1717 413 1782 mentio
427 1718 470 1783 est
483 1719 603 1806 Quaest.
621 1719 715 1782 Rom.
729 1715 778 1780 ol.
797 1739 894 1804 quam
908 1716 1057 1782 eamdem
1079 1717 1140 1783 else
1161 1732 1212 1784 at·

170 1837 233 1912 que
255 1818 389 1904 ἀνδρείαν,
410 1818 451 1908 de
464 1841 529 1906 qua
542 1818 714 1906 Dionyfius
732 1818 807 1884 Hal.
823 1821 883 1885 IV.
899 1836 952 1902 27.
968 1831 1002 1883 et
1023 1818 1211 1885 Plutarchus

169 1918 263 2005 supra
278 1943 312 2007 p.
326 1922 403 2006 318.
418 1923 457 1986 Ε.
472 1934 637 2009 putamus.

212 2040 289 2107 323.
306 2024 349 2087 A.
371 2022 485 2107 μογοίλη
505 2024 583 2107 ῥοπὴ]
610 2024 693 2086 Sunt
715 2020 781 2108 ipsa
797 2020 1024 2086 Demosthenis
1041 2022 1135 2087 verba
1150 2025 1210 2089 Or.

171 2121 310 2210 Olynth.
332 2125 376 2188 II.
391 2146 425 2210 p.
441 2126 473 2189 8.
489 2126 535 2190 C:
557 2124 672 2208 μεγάλη
693 2128 751 2210 γὰρ
771 2127 850 2211 ῥοπὴ,
864 2127 975 2207 μᾶλλον
989 2125 1016 2187 δὲ
1031 2122 1092 2187 ὅλοι
1105 2131 1120 2202 ἡ
1135 2124 1210 2211 τύχη

168 2228 246 2309 παρὰ
267 2225 346 2289 πάντ’
367 2227 428 2290 ἐστὶ
449 2229 487 2288 τοὶ
508 2233 562 2289 τῶν
583 2226 726 2313 ἀνθρώπων
746 2224 918 2312 πράγματα.
964 2224 1123 2291 Adhibuit
1144 2227 1210 2290 Dio

168 2326 284 2415 Chrys.
307 2328 364 2394 Or.
389 2329 508 2394 LXIV.
523 2349 557 2413 p.
572 2328 649 2416 598.
665 2329 719 2394 D:
741 2327 856 2412 μεγάλοι
876 2331 935 2415 γὰρ
951 2331 1031 2415 ῥοπὴ,
1049 2334 1161 2412 μᾶλλον
1181 2330 1209 2393 δὲ

166 2428 240 2510 ὅλον,
255 2429 313 2494 alai
326 2457 379 2510 τις,
394 2438 410 2508 ἡ
424 2429 511 2517 τύχη.
718 2486 720 2489 .

208 2551 286 2618 323.
301 2531 418 2597 A-C.
440 2536 471 2610 ἐξ
489 2530 918 2620 aimon-Armua]
944 2532 1062 2598 Sumfit
1082 2555 1102 2598 a
1123 2533 1206 2598 Dio·

165 2634 253 2721 nylio
270 2633 347 2699 Hal.
364 2636 422 2700 1v.
441 2655 471 2700 1.
485 2632 720 2720 comparandus
743 2633 851 2698 Livius
867 2635 893 2698 1.
908 2653 963 2719 39.
1006 2634 1153 2720 Ὀκρισία,
1170 2650 1207 2701 ut

164 2736 332 2824 Dionyfio,
342 2734 462 2800 dicitur
473 2735 505 2798 in
521 2733 615 2800 Harl.
633 2734 722 2800 Festo
737 2734 769 2798 in
785 2734 876 2799 Voce
886 2733 1017 2798 Notbum
1028 2736 1071 2799 est
1084 2735 1206 2821 Oclista,

164 2837 300 2903 Aurelio
313 2836 438 2903 naon
455 2835 567 2922 omſsa
581 2835 651 2901 vir.
667 2833 719 2899 111.
734 2835 831 2900 vni.
847 2856 881 2920 p.
898 2850 951 2920 79.
966 2834 1022 2900 uu
1038 2835 1206 2923 inscriptio
1330 2820 1334 2833 '

164 2963 184 3005 a
199 2939 336 3005 Schotto
350 2936 459 3002 allata,
1057 2999 1061 3007 ,

206 3060 282 3129 323.
304 3042 342 3106 Β.
365 3038 506 3123 nauli-rag]
533 3039 583 3102 Ita
597 3036 750 3102 Latinum
766 3050 801 3102 et
815 3037 967 3101 Graeeum
982 3058 1099 3102 nomen
1113 3041 1204 3105 οιλοί-

148 3171 212 3222 ,οηι
227 3143 342 3232 jungit
355 3143 391 3208 in
406 3140 546 3207 Romulo
560 3164 592 3228 p.
608 3157 661 3227 25.
676 3141 720 3206 Α.
765 3139 1203 3207 Deeonditionehominum
1277 3155 1280 3168 '

136 3248 140 3251 ’
163 3247 329 3315 videantur
344 3244 437 3312 citati
450 3246 492 3310 ab
506 3242 703 3311 Ruhnkenio
716 3241 758 3307 ad
770 3241 855 3307 Tim.
872 3245 962 3308 Voce
978 3243 1123 3323 Πολίτης.
1244 3303 1247 3306 ,

203 3369 280 3436 323.
296 3349 337 3413 C.
360 3351 399 3413 Οί
420 3349 448 3411 δὲ
468 3350 530 3432 περὶ
550 3345 920 3431 Ἀντίαν-σπουδασάσης]
941 3344 1029 3410 Hinc
1046 3345 1079 3411 in
1104 3349 1201 3435 Frag·
1267 3382 1271 3401 ι

161 3467 272 3519 menta
294 3453 443 3517 Historic.
466 3453 539 3516 Lat.
563 3449 681 3515 relatus
700 3448 753 3513 hie
770 3447 862 3515 loeus
884 3448 962 3514 edit.
982 3447 1107 3513 Sallust.
1128 3451 1199 3516 Ha-

127 3612 133 3620 .
161 3554 328 3639 verkarnp.
349 3554 388 3618 T.
412 3554 458 3617 ΙΙ.
480 3576 515 3640 p.
535 3566 612 3639 359.
655 3553 785 3617 Nomen
809 3550 917 3616 uxoris
939 3550 1039 3616 Servii
1061 3550 1201 3637 Γεγανίαν

160 3653 389 3731 maluit,scribi
407 3647 498 3719 Mez.
514 3650 774 3741 Tanaquillidem
798 3652 917 3739 ubique
937 3650 1120 3737 Ταρκυλλίδα
1140 3651 1199 3714 ha·

159 3758 240 3822 bent
254 3755 332 3822 Ald.
347 3758 386 3822 B.
404 3755 541 3845 uvoff.
559 3755 653 3821 Harl.
671 3755 754 3842 quafi
770 3777 790 3819 a
803 3754 983 3841 Tarquiniis
998 3751 1184 3818 oriundum.

201 3880 279 3947 323.
294 3861 338 3925 Ι).
361 3863 408 3938 τὴν
429 3858 577 3940 βασιλείαν
598 3858 758 3943 initiales]
785 3857 958 3944 Dionyfius
979 3856 1054 3921 Hal.
1070 3856 1129 3921 IV.
1144 3876 1198 3938 40.

160 3962 272 4030 Livius
287 3965 315 4028 1.
329 3964 384 4046 48.

201 4085 279 4153 323.
293 4067 338 4131 D.
361 4063 491 4153 προίοίοιι
506 4067 554 4143 τὴν
566 4063 680 4151 πάτριοι
691 4060 834 4147 Ῥωμαίων
852 4061 1020 4147 πολιτείαν]
1046 4065 1086 4127 Et
1105 4060 1198 4127 Harl.

160 4169 217 4234 dat
234 4167 383 4254 ιιροίοθαιι
407 4165 462 4232 sed
477 4167 541 4231 hoc
555 4165 692 4253 postulat
705 4165 910 4254 negationem
932 4165 981 4244 καί
999 4168 1038 4247 μὴ
1055 4162 1199 4252 προέσθαι,

159 4295 212 4336 mc
232 4271 389 4353 dimittere,
412 4285 450 4336 ut
472 4269 549 4358 Xyl.
573 4269 711 4336 monuit.
753 4268 895 4353 Ῥωμαίων
916 4267 1012 4334 estin
1032 4266 1109 4333 Ald.
1126 4268 1197 4333 Bas.

646 4391 709 4454 ³4
