2714 4770
224 330 294 425 ¹on·
307 330 408 390 sana
427 304 830 403 nurums'vrnmcm.
851 351 880 411 p.
892 331 1012 408 34a=1c
1084 351 1140 422 ³²}

108 489 242 555 Messon.
259 511 293 576 p.
304 506 380 576 317.
395 509 470 576 321.
485 492 577 577 336.
601 490 697 556 Unde
710 491 833 556 clantm
848 491 904 569 esi,
922 491 1008 577 hunc
1023 490 1144 567 Plutar-

96 590 163 666 chi
176 591 285 656 locum
295 613 364 679 nop
381 613 447 656 uno
467 591 564 656 modo
578 591 732 657 laborare.
777 594 862 657 Nam
887 592 991 679 primo
1013 592 1145 679 quidem

109 692 218 780 Κάπρῳ
236 693 300 758 fine
318 692 418 758 dubio
440 693 574 758 scribere
593 693 695 758 voluit
715 693 873 758 librarius.
917 693 1045 778 Deinde
1066 716 1143 784 cum

107 811 228 881 pugna,
242 817 307 882 qua
324 795 443 885 proditi
462 796 536 861 sunt
556 796 597 861 ab
619 794 811 862 Aristocrate
832 795 992 875 Messenii,
1014 819 1079 861 non
1102 796 1144 861 ad

108 892 224 982 Κάπρον
242 903 333 980 σῆμα,
348 896 402 962 sed
416 897 458 962 ad
470 898 600 982 μςγάλην
613 896 715 984 τάφρον
728 896 892 963 commissa
906 897 1020 976 fuerit3
1043 910 1144 983 patet,

106 1013 164 1063 aut
185 999 272 1065 aliud
295 1013 449 1087 praeterea
469 1000 583 1065 vitium
603 998 733 1065 infidere
752 999 935 1079 Plutarcho,
949 1015 1007 1065 aut
1020 999 1143 1087 lapsum
1260 994 1264 1005 ’

105 1120 181 1165 eum
204 1100 308 1181 suilla,
330 1116 387 1168 aut
411 1124 476 1167 non
500 1100 651 1181 eundem,
676 1123 772 1188 quem
798 1100 976 1180 Pausanias,
999 1101 1144 1167 secutum

106 1201 281 1268 auctorem.
327 1202 491 1292 Xylander
512 1202 641 1290 quidem
663 1202 706 1268 ad
728 1203 912 1283 Pausaniam
929 1203 952 1267 l.
969 1224 998 1268 c.
1020 1225 1053 1290 p.
1066 1221 1143 1289 321.

106 1318 166 1390 pro
180 1307 285 1393 Κάπρῳ
300 1306 334 1371 h.
350 1307 373 1373 l.
389 1307 521 1396 corrigit
542 1306 668 1394 Κάπρῳ
691 1307 799 1373 sedfic
814 1293 847 1372 in
859 1305 974 1372 eodem
990 1306 1060 1372 luto
1074 1306 1143 1382 haef·

105 1428 223 1475 remus.
266 1410 380 1497 Itaque
395 1409 541 1475 Palmerii
554 1410 665 1497 potius
679 1409 835 1476 correctio
848 1409 1075 1496 amplectenda
1089 1412 1143 1494 est,

103 1509 160 1595 qui
173 1511 346 1577 Exercitat.
363 1534 396 1600 p.
409 1532 483 1594 224.
500 1511 558 1576 ian
572 1512 677 1601 Τάφρῳ
692 1511 848 1578 substituit
853 1537 864 1592 ;
881 1512 1054 1599 praesertim
1066 1535 1142 1578 cum

103 1611 144 1678 ad
164 1636 235 1679 eam
255 1636 356 1702 prope
374 1615 508 1682 accedat
524 1615 621 1682 lePtio
641 1638 739 1702 quam
759 1615 791 1679 in
810 1616 920 1702 Marg.
940 1615 1018 1679 Ald.
1036 1614 1144 1682 inveni

103 1714 145 1780 *nl
159 1715 251 1803 τάφῳ.
295 1718 363 1783 Nifi
382 1718 465 1784 forte
481 1718 671 1784 Plutarchus
686 1717 752 1782 duo
768 1718 878 1803 praelia
892 1730 1038 1804 tempore
1050 1717 1142 1784 loco·

96 1839 166 1902 rque
176 1821 368 1910 'propinqua
381 1821 540 1900 confudit,
554 1835 592 1886 ut
607 1820 748 1887 Reiskius
760 1819 935 1908 suspicatur
943 1819 971 1882 ¹³.

146 1922 223 2003 548.
247 1924 283 1987 F.
304 1922 496 2010 Ὀρχομενίων
517 1926 573 1996 τοῖς
591 1924 772 2000 ἀποβαλοῦσι
785 1924 886 1996 παῖδας
904 1921 954 1985 καὶ
976 1918 1069 2002 placor
1094 1919 1142 1982 καὶ

104 2020 216 2097 οἰκείους
241 2027 291 2088 ὑπὸ
315 2024 472 2108 Λυκίσκου]
503 2022 611 2109 Hujus
635 2023 681 2087 rei
702 2037 759 2087 aut
780 2023 914 2087 omnino
936 2019 1079 2108 ¹Lycisci
1102 2041 1143 2086 ne

106 2123 270 2210 vestigium
285 2125 417 2212 quidem
433 2125 555 2212 uspiam
571 2126 674 2212 reperi
683 2149 693 2205 ;
711 2125 798 2211 quod
813 2124 853 2189 de
868 2125 900 2190 se
914 2145 1042 2211 quoque
1058 2123 1141 2188 fate·

104 2238 157 2290 tur
173 2225 242 2291 Cel.
258 2227 411 2308 Reisscim,
428 2226 521 2315 cujus
537 2249 610 2293 vera
624 2226 694 2291 haec
709 2227 752 2292 est
765 2227 960 2292 observatio:
980 2226 1038 2290 Res
1052 2226 1141 2298 Boeo·
1173 2255 1180 2266 =

103 2326 177 2392 titas
203 2330 260 2394 alii
285 2338 415 2397 auderes
440 2330 637 2419 negligentius
660 2339 841 2409 trutinarum,
867 2353 943 2418 quas
968 2342 1003 2394 ut
1022 2317 1198 2416 panias16

101 2431 248 2520 attingere
270 2433 452 2499 Plutarcho
473 2448 568 2498 omas.
613 2436 807 2522 Quanquam
830 2434 989 2499 incertum
1012 2449 1142 2520 quoque

101 2535 156 2613 est,
172 2549 280 2600 utrum
303 2535 344 2600 de
363 2536 509 2601 Boeotica
524 2560 564 2600 an
580 2536 737 2601 Arcadica
751 2536 959 2602 Orchomeno
974 2549 1000 2582 ¹⁰
1010 2536 1064 2602 hic
1079 2536 1141 2602 ser·
1240 2582 1242 2587 -

102 2634 167 2700 mo¹
178 2636 358 2700 sit-Voss.
372 2650 406 2700 et
421 2636 512 2699 Harl.
529 2636 686 2700 omittunt
704 2635 745 2698 τά
757 2635 832 2714 τάδε,
847 2637 935 2723 quod
952 2637 1140 2722 neutiquam

102 2735 205 2800 abesse
226 2737 338 2821 potest.
384 2735 539 2800 Similiter
557 2757 614 2800 eos
632 2737 688 2823 qui
709 2736 916 2822 hippocampi
931 2736 1023 2822 piscis
1037 2738 1092 2802 esu
1106 2737 1140 2803 in

104 2835 245 2899 furorem
260 2834 443 2922 adigantur,
456 2858 572 2923 aquam
587 2851 737 2923 appetere
751 2850 784 2901 et
797 2837 933 2922 ”clypeo
943 2837 984 2900 rai
996 2837 1059 2903 noir
1071 2859 1140 2902 nar-

104 2951 153 3002 rat
166 2939 287 3004 AElian.
303 2941 348 3004 H.
363 2941 406 3004 A.
423 2942 515 3010 XlV.
531 2959 625 3008 20-.
670 2940 825 3020 Νέμεσθαν,
846 2939 1063 3022 κατανέμνσάάν,
1077 2943 1138 3003 ἐπι·

103 3040 229 3122 νέμεσθαι
250 3041 403 3108 dicuntur
421 3041 462 3106 de
485 3043 604 3108 morbis
622 3057 657 3107 et
675 3041 848 3107 ulceribus.
895 3042 1056 3107 Plutarch.
1076 3044 1139 3119 Ar·

103 3156 167 3206 tax.
183 3159 328 3228 p..1023.
345 3143 386 3208 C.
400 3147 491 3224 ἀλφοῦ
504 3143 734 3225 κατανεμηθείσης
748 3146 832 3218 αὐτῆς
846 3145 878 3206 τὸ
892 3150 989 3226 σῶμα.
1017 3145 1137 3230 Super·

102 3242 162 3308 stit.
185 3266 218 3331 p.
236 3245 309 3329 165.
331 3244 372 3309 C.
409 3244 475 3309 Dio
497 3244 611 3332 Chrys.
627 3246 686 3310 Or.
700 3246 808 3311 LVll.
830 3266 863 3331 p.
877 3261 953 3330 571.
969 3246 1013 3311 D.
1028 3245 1138 3328 νέμηαι

101 3348 151 3409 ὑπὸ
172 3353 271 3411 ἑλκῶν.
317 3348 360 3411 Et
374 3346 413 3412 fic
428 3346 510 3432 saepe
530 3346 654 3412 Medici
674 3347 792 3427 Graeci‚
809 3360 846 3412 ut
860 3361 952 3414 notat
967 3350 1055 3414 roes.
1072 3351 1138 3416 OE·

137 3530 144 3563 ¹
158 3531 197 3581 Sic
211 3534 311 3584 Pausan.
325 3534 367 3583 rt.
382 3544 419 3590 17.
437 3551 460 3598 p.
473 3545 530 3585 aaa.
544 3536 594 3584 cla·
644 3536 766 3584 chomeno
782 3535 859 3599 loqui,
876 3551 933 3598 quae
950 3535 1065 3591 celebrior
1082 3537 1138 3586 suit.

101 3615 159 3664 dem
173 3607 238 3667 hinc
252 3630 323 3668 vocat
338 3620 376 3671 el·
388 3621 407 3667 h
419 3620 499 3688 τάφρῳ
511 3629 595 3682 cuppo-
645 3616 727 3677 Hujus
736 3615 875 3678 reipublicae
884 3617 989 3669 sormam
998 3613 1138 3679 descripsisse

102 3693 149 3762 μέν·
167 3710 207 3748 oo.
217 3715 241 3763 p.
251 3710 308 3755 aoy.
643 3699 779 3747 Aristoteles
794 3699 896 3751 videtur.
926 3698 1017 3746 Polluc.
1033 3699 1065 3746 X.
1083 3711 1137 3749 ιον.

134 3778 241 3830 *οὐκέτ’
255 3780 311 3833 lm
324 3785 354 3831 de
370 3784 491 3834 Meffenii,
502 3785 595 3834 videtur
644 3779 769 3842 Callippus
788 3779 928 3828 Corinthius
946 3781 998 3840 ejus
1015 3781 1137 3830 historiam

102 3865 284 3925 frequentatum
291 3865 368 3925 miffe.
383 3867 492 3929 Dionys,
501 3868 557 3916 1121.
564 3870 595 3917 (ις
643 3860 761 3921 exposuit.
778 3859 879 3907 Pausan.
889 3860 932 3906 ΙΧ.
941 3867 997 3915 763·
1006 3861 1066 3931 sorte
1072 3863 1138 3910 idem

102 3938 401 3995 lsocmssinmchidamo.
643 3955 717 4002 quem
738 3942 800 3988 inter
819 3941 924 3989 &nonis
942 3942 1071 4004 discipulos
1090 3958 1137 3992 nu·
1213 3939 1220 3956 ⁸

134 4023 141 4058 ¹
158 4027 248 4089 Lycisci
266 4021 358 4075 nomen
377 4028 402 4074 in
419 4028 592 4078 Meffcniorum
644 4021 1008 4083 meratDlog.laert.V11.oo.
1130 4086 1140 4095 ,.

102 4106 173 4155 rebus
181 4108 274 4157 nobilis.
285 4123 363 4157 errore
375 4109 496 4158 Plutarchi
508 4111 537 4159 rd
548 4111 593 4160 Or-
677 4115 688 4137 ¹¹
706 4105 798 4168 lmpuri
814 4107 880 4154 caede
894 4107 984 4168 quibus
996 4117 1083 4157 terram
1095 4121 1136 4158 ac-

99 4185 243 4235 chomenioe
254 4189 395 4238 transsatum
407 4191 448 4237 est.
643 4189 726 4236 cedere
742 4189 811 4236 nesus
826 4187 894 4238 Pluto
912 4190 966 4251 [κς.
983 4184 1032 4238 Ν.
1043 4197 1135 4252 poor.

134 4272 151 4295 ¹
168 4264 267 4314 Videtur
283 4277 367 4317 tamen
384 4268 414 4315 de
432 4267 531 4316 aoeotiae
547 4268 593 4316 Or·
643 4270 671 4318 C.

149 4368 235 4415 VOL·
252 4370 325 4415 vn.
694 4375 717 4416 Y
