<?xml version="1.0" encoding="UTF-8"?>
<!DOCTYPE html PUBLIC "-//W3C//DTD XHTML 1.0 Transitional//EN"
    "http://www.w3.org/TR/xhtml1/DTD/xhtml1-transitional.dtd">
<html xmlns="http://www.w3.org/1999/xhtml" xml:lang="en" lang="en">
 <head>
  <title>
</title>
<meta http-equiv="Content-Type" content="text/html;charset=utf-8" />
  <meta name='ocr-system' content='tesseract 3.04.00' />
  <meta name='ocr-capabilities' content='ocr_page ocr_carea ocr_par ocr_line ocrx_word'/>
</head>
<body>
  <div class='ocr_page' id='page_1' title='image "./plutarchichaero25plutgoog_0083.png"; bbox 0 0 2714 4770; ppageno 0'>
   <div class='ocr_carea' id='block_1_1' title="bbox 241 291 1240 421">
    <p class='ocr_par' dir='ltr' id='par_1_1' title="bbox 241 291 1240 421">
     <span class='ocr_line' id='line_1_1' title="bbox 241 291 1240 421; baseline -0.007 -18"><span class='ocrx_word' id='word_1_1' title='bbox 241 362 282 421; x_wconf 78' lang='lat'>74-</span> <span class='ocrx_word' id='word_1_2' title='bbox 387 342 426 400; x_wconf 86' lang='lat' dir='ltr'>n.</span> <span class='ocrx_word' id='word_1_3' title='bbox 447 341 495 399; x_wconf 88' lang='lat' dir='ltr'>w.</span> <span class='ocrx_word' id='word_1_4' title='bbox 518 340 714 400; x_wconf 76' lang='lat' dir='ltr'>Anniam.</span> <span class='ocrx_word' id='word_1_5' title='bbox 736 341 783 400; x_wconf 84' lang='lat' dir='ltr'>1n</span> <span class='ocrx_word' id='word_1_6' title='bbox 802 339 1037 401; x_wconf 73' lang='lat' dir='ltr'>ramanent</span> <span class='ocrx_word' id='word_1_7' title='bbox 1056 340 1136 400; x_wconf 82' lang='lat' dir='ltr'>ma.</span> <span class='ocrx_word' id='word_1_8' title='bbox 1239 291 1240 294; x_wconf 5' lang='grc' dir='ltr'>Ὺ</span> 
     </span>
    </p>
   </div>
   <div class='ocr_carea' id='block_1_2' title="bbox 165 496 1348 2525">
    <p class='ocr_par' dir='ltr' id='par_1_2' title="bbox 242 496 1279 588">
     <span class='ocr_line' id='line_1_2' title="bbox 242 496 1279 588; baseline -0.005 -20"><span class='ocrx_word' id='word_1_9' title='bbox 242 526 301 568; x_wconf 63' lang='lat' dir='ltr'>res⁴</span> <span class='ocrx_word' id='word_1_10' title='bbox 310 502 377 588; x_wconf 91' lang='lat' dir='ltr'>ipsa</span> <span class='ocrx_word' id='word_1_11' title='bbox 391 499 511 579; x_wconf 89' lang='lat' dir='ltr'>suadet,</span> <span class='ocrx_word' id='word_1_12' title='bbox 525 511 561 565; x_wconf 91' lang='lat' dir='ltr'>et</span> <span class='ocrx_word' id='word_1_13' title='bbox 576 499 682 564; x_wconf 81' lang='lat' dir='ltr'>smilis</span> <span class='ocrx_word' id='word_1_14' title='bbox 700 500 885 588; x_wconf 84' lang='lat' dir='ltr'>argumenti</span> <span class='ocrx_word' id='word_1_15' title='bbox 899 499 1038 585; x_wconf 84' lang='lat' dir='ltr'>narratio</span> <span class='ocrx_word' id='word_1_16' title='bbox 1059 498 1146 587; x_wconf 90' lang='lat' dir='ltr'>apud</span> <span class='ocrx_word' id='word_1_17' title='bbox 1169 496 1279 563; x_wconf 83' lang='lat' dir='ltr'>Plato·</span> 
     </span>
    </p>

    <p class='ocr_par' dir='ltr' id='par_1_3' title="bbox 243 599 1282 690">
     <span class='ocr_line' id='line_1_3' title="bbox 243 599 1282 690; baseline -0.003 -22"><span class='ocrx_word' id='word_1_18' title='bbox 243 627 318 669; x_wconf 88' lang='lat' dir='ltr'>nem</span> <span class='ocrx_word' id='word_1_19' title='bbox 340 606 421 690; x_wconf 87' lang='lat' dir='ltr'>Leg.</span> <span class='ocrx_word' id='word_1_20' title='bbox 446 606 508 668; x_wconf 84' lang='lat'>111.</span> <span class='ocrx_word' id='word_1_21' title='bbox 531 625 565 689; x_wconf 91' lang='lat' dir='ltr'>p.</span> <span class='ocrx_word' id='word_1_22' title='bbox 583 603 659 688; x_wconf 83' lang='lat'><strong>585.</strong></span> <span class='ocrx_word' id='word_1_23' title='bbox 678 605 718 683; x_wconf 92' lang='lat' dir='ltr'>B,</span> <span class='ocrx_word' id='word_1_24' title='bbox 739 603 779 667; x_wconf 91' lang='lat' dir='ltr'>C.</span> <span class='ocrx_word' id='word_1_25' title='bbox 800 604 876 689; x_wconf 90' lang='grc'><strong><em>586,</em></strong></span> <span class='ocrx_word' id='word_1_26' title='bbox 891 603 967 689; x_wconf 80' lang='grc'><strong><em>587.</em></strong></span> <span class='ocrx_word' id='word_1_27' title='bbox 989 614 1023 667; x_wconf 90' lang='lat' dir='ltr'>et</span> <span class='ocrx_word' id='word_1_28' title='bbox 1043 600 1175 667; x_wconf 86' lang='lat' dir='ltr'>laudata</span> <span class='ocrx_word' id='word_1_29' title='bbox 1193 599 1282 665; x_wconf 70' lang='lat' dir='ltr'>dicta</span> 
     </span>
    </p>

    <p class='ocr_par' dir='ltr' id='par_1_4' title="bbox 240 701 1280 896">
     <span class='ocr_line' id='line_1_4' title="bbox 242 701 1280 794; baseline -0.005 -23"><span class='ocrx_word' id='word_1_30' title='bbox 242 706 419 771; x_wconf 91' lang='lat' dir='ltr'>Homerica</span> <span class='ocrx_word' id='word_1_31' title='bbox 432 703 541 794; x_wconf 86' lang='lat' dir='ltr'>Odyss.</span> <span class='ocrx_word' id='word_1_32' title='bbox 558 706 586 769; x_wconf 91' lang='lat' dir='ltr'>I.</span> <span class='ocrx_word' id='word_1_33' title='bbox 601 723 673 770; x_wconf 84' lang='lat'><strong>112.</strong></span> <span class='ocrx_word' id='word_1_34' title='bbox 704 703 796 769; x_wconf 87' lang='lat' dir='ltr'>Iliad.</span> <span class='ocrx_word' id='word_1_35' title='bbox 808 710 847 768; x_wconf 71' lang='grc' dir='ltr'>Υ.</span> <span class='ocrx_word' id='word_1_36' title='bbox 858 722 932 789; x_wconf 77' lang='lat'><strong>217.</strong></span> <span class='ocrx_word' id='word_1_37' title='bbox 962 701 1162 769; x_wconf 88' lang='lat' dir='ltr'>Peninsulam</span> <span class='ocrx_word' id='word_1_38' title='bbox 1173 701 1280 788; x_wconf 91' lang='lat' dir='ltr'>primo</span> 
     </span>
     <span class='ocr_line' id='line_1_5' title="bbox 240 802 1280 896; baseline -0.004 -23"><span class='ocrx_word' id='word_1_39' title='bbox 240 808 431 896; x_wconf 78' lang='lat' dir='ltr'>AEgr&#39;aleam,</span> <span class='ocrx_word' id='word_1_40' title='bbox 448 820 518 873; x_wconf 90' lang='lat' dir='ltr'>tum</span> <span class='ocrx_word' id='word_1_41' title='bbox 531 807 656 895; x_wconf 75' lang='lat' dir='ltr'>Apion,</span> <span class='ocrx_word' id='word_1_42' title='bbox 669 806 807 895; x_wconf 87' lang='lat' dir='ltr'>denique</span> <span class='ocrx_word' id='word_1_43' title='bbox 823 807 1049 895; x_wconf 82' lang='lat' dir='ltr'><em>Peloponnesum</em></span> <span class='ocrx_word' id='word_1_44' title='bbox 1064 805 1198 884; x_wconf 73' lang='lat' dir='ltr'>dictam,</span> <span class='ocrx_word' id='word_1_45' title='bbox 1214 802 1280 869; x_wconf 87' lang='lat' dir='ltr'>vid.</span> 
     </span>
    </p>

    <p class='ocr_par' dir='ltr' id='par_1_5' title="bbox 167 907 1290 1504">
     <span class='ocr_line' id='line_1_6' title="bbox 242 907 1290 1002; baseline -0.007 -24"><span class='ocrx_word' id='word_1_46' title='bbox 242 910 373 978; x_wconf 83' lang='lat' dir='ltr'>Scholia</span> <span class='ocrx_word' id='word_1_47' title='bbox 387 912 489 982; x_wconf 92' lang='lat' dir='ltr'>Hom.</span> <span class='ocrx_word' id='word_1_48' title='bbox 504 909 597 1002; x_wconf 67' lang='lat' dir='ltr'>iliad.</span> <span class='ocrx_word' id='word_1_49' title='bbox 612 914 651 974; x_wconf 88' lang='grc' dir='ltr'>Α.</span> <span class='ocrx_word' id='word_1_50' title='bbox 668 929 722 978; x_wconf 83' lang='lat'>22.</span> <span class='ocrx_word' id='word_1_51' title='bbox 737 922 772 974; x_wconf 92' lang='lat' dir='ltr'>et</span> <span class='ocrx_word' id='word_1_52' title='bbox 785 911 905 975; x_wconf 79' lang='lat' dir='ltr'>constat</span> <span class='ocrx_word' id='word_1_53' title='bbox 923 908 956 973; x_wconf 94' lang='lat' dir='ltr'>in</span> <span class='ocrx_word' id='word_1_54' title='bbox 977 908 1089 996; x_wconf 85' lang='lat' dir='ltr'>primis</span> <span class='ocrx_word' id='word_1_55' title='bbox 1108 931 1148 973; x_wconf 88' lang='lat' dir='ltr'>ex</span> <span class='ocrx_word' id='word_1_56' title='bbox 1163 907 1290 992; x_wconf 34' lang='lat' dir='ltr'>Pausa-⁶</span> 
     </span>
     <span class='ocr_line' id='line_1_7' title="bbox 212 993 1280 1100; baseline -0.005 -20"><span class='ocrx_word' id='word_1_57' title='bbox 212 993 218 1010; x_wconf 38' lang='lat'>²</span> <span class='ocrx_word' id='word_1_58' title='bbox 242 1015 294 1080; x_wconf 91' lang='lat' dir='ltr'>nia</span> <span class='ocrx_word' id='word_1_59' title='bbox 309 1014 354 1078; x_wconf 91' lang='lat'>11.</span> <span class='ocrx_word' id='word_1_60' title='bbox 366 1027 399 1098; x_wconf 83' lang='lat'>5.</span> <span class='ocrx_word' id='word_1_61' title='bbox 413 1011 467 1078; x_wconf 84' lang='lat' dir='ltr'>sed</span> <span class='ocrx_word' id='word_1_62' title='bbox 482 1011 536 1077; x_wconf 93' lang='lat' dir='ltr'>hic</span> <span class='ocrx_word' id='word_1_63' title='bbox 549 1012 663 1099; x_wconf 75' lang='lat' dir='ltr'>Apion</span> <span class='ocrx_word' id='word_1_64' title='bbox 676 1034 696 1075; x_wconf 87' lang='lat' dir='ltr'>a</span> <span class='ocrx_word' id='word_1_65' title='bbox 709 1033 784 1098; x_wconf 87' lang='lat' dir='ltr'>rege</span> <span class='ocrx_word' id='word_1_66' title='bbox 796 1011 870 1100; x_wconf 80' lang='lat' dir='ltr'>Api.</span> <span class='ocrx_word' id='word_1_67' title='bbox 895 1013 970 1076; x_wconf 88' lang='lat' dir='ltr'>Ister</span> <span class='ocrx_word' id='word_1_68' title='bbox 983 1011 1100 1076; x_wconf 87' lang='lat' dir='ltr'>citatus</span> <span class='ocrx_word' id='word_1_69' title='bbox 1117 1009 1280 1075; x_wconf 77' lang='lat' dir='ltr'>Athenaeo</span> 
     </span>
     <span class='ocr_line' id='line_1_8' title="bbox 167 1108 1280 1198; baseline -0.005 -20"><span class='ocrx_word' id='word_1_70' title='bbox 167 1186 172 1192; x_wconf 54' lang='grc'>,</span> <span class='ocrx_word' id='word_1_71' title='bbox 242 1113 334 1178; x_wconf 85' lang='lat' dir='ltr'><strong>XIV.</strong></span> <span class='ocrx_word' id='word_1_72' title='bbox 350 1112 425 1197; x_wconf 89' lang='grc'><strong><em>650.</em></strong></span> <span class='ocrx_word' id='word_1_73' title='bbox 439 1111 479 1176; x_wconf 89' lang='grc' dir='ltr'>Β.</span> <span class='ocrx_word' id='word_1_74' title='bbox 498 1112 539 1177; x_wconf 87' lang='lat' dir='ltr'>ab</span> <span class='ocrx_word' id='word_1_75' title='bbox 553 1110 640 1198; x_wconf 73' lang='lat' dir='ltr'>apsis,</span> <span class='ocrx_word' id='word_1_76' title='bbox 655 1133 728 1198; x_wconf 87' lang='lat' dir='ltr'>quae</span> <span class='ocrx_word' id='word_1_77' title='bbox 743 1109 867 1175; x_wconf 84' lang='lat' dir='ltr'>Latinis</span> <span class='ocrx_word' id='word_1_78' title='bbox 885 1109 1038 1174; x_wconf 90' lang='lat' dir='ltr'>dicuntur</span> <span class='ocrx_word' id='word_1_79' title='bbox 1052 1122 1142 1196; x_wconf 81' lang='lat' dir='ltr'>pyra.</span> <span class='ocrx_word' id='word_1_80' title='bbox 1188 1108 1280 1173; x_wconf 91' lang='lat' dir='ltr'>Con·</span> 
     </span>
     <span class='ocr_line' id='line_1_9' title="bbox 241 1202 1280 1301; baseline -0.004 -22"><span class='ocrx_word' id='word_1_81' title='bbox 241 1214 361 1279; x_wconf 85' lang='lat' dir='ltr'>feratur</span> <span class='ocrx_word' id='word_1_82' title='bbox 374 1229 409 1279; x_wconf 90' lang='lat' dir='ltr'>et</span> <span class='ocrx_word' id='word_1_83' title='bbox 424 1212 609 1301; x_wconf 78' lang='lat' dir='ltr'>Perizonius</span> <span class='ocrx_word' id='word_1_84' title='bbox 621 1212 661 1278; x_wconf 94' lang='lat' dir='ltr'>ad</span> <span class='ocrx_word' id='word_1_85' title='bbox 673 1202 842 1278; x_wconf 80' lang='lat' dir='ltr'>AElianum</span> <span class='ocrx_word' id='word_1_86' title='bbox 857 1215 935 1278; x_wconf 87' lang='lat' dir='ltr'>Var.</span> <span class='ocrx_word' id='word_1_87' title='bbox 952 1211 1033 1276; x_wconf 88' lang='lat' dir='ltr'>Hist.</span> <span class='ocrx_word' id='word_1_88' title='bbox 1050 1211 1113 1275; x_wconf 90' lang='lat'>111.</span> <span class='ocrx_word' id='word_1_89' title='bbox 1127 1231 1183 1297; x_wconf 85' lang='lat'>39.</span> <span class='ocrx_word' id='word_1_90' title='bbox 1207 1213 1280 1276; x_wconf 89' lang='lat' dir='ltr'>He-</span> 
     </span>
     <span class='ocr_line' id='line_1_10' title="bbox 242 1312 1279 1404; baseline -0.003 -23"><span class='ocrx_word' id='word_1_91' title='bbox 242 1316 370 1404; x_wconf 85' lang='lat' dir='ltr'>sychius</span> <span class='ocrx_word' id='word_1_92' title='bbox 383 1316 527 1403; x_wconf 75' lang='grc' dir='ltr'><strong><em>Ἀχρόδα</em></strong></span> <span class='ocrx_word' id='word_1_93' title='bbox 547 1315 637 1396; x_wconf 67' lang='grc' dir='ltr'><strong><em>ἔπιον,</em></strong></span> <span class='ocrx_word' id='word_1_94' title='bbox 652 1315 794 1389; x_wconf 76' lang='grc' dir='ltr'>Λάκωνες.</span> <span class='ocrx_word' id='word_1_95' title='bbox 831 1314 990 1397; x_wconf 78' lang='lat' dir='ltr'>Meursius</span> <span class='ocrx_word' id='word_1_96' title='bbox 1004 1312 1142 1380; x_wconf 87' lang='lat' dir='ltr'>Miscell.</span> <span class='ocrx_word' id='word_1_97' title='bbox 1157 1316 1279 1385; x_wconf 82' lang='lat' dir='ltr'>Lacon.</span> 
     </span>
     <span class='ocr_line' id='line_1_11' title="bbox 245 1419 795 1504; baseline -0.007 -20"><span class='ocrx_word' id='word_1_98' title='bbox 245 1422 341 1487; x_wconf 83' lang='lat' dir='ltr'><strong>1.1a.</strong></span> <span class='ocrx_word' id='word_1_99' title='bbox 381 1419 458 1504; x_wconf 86' lang='grc'><strong><em>.58.</em></strong></span> <span class='ocrx_word' id='word_1_100' title='bbox 791 1476 795 1480; x_wconf 91' lang='grc'><strong><em>.</em></strong></span> 
     </span>
    </p>

    <p class='ocr_par' dir='ltr' id='par_1_6' title="bbox 165 1441 1348 2525">
     <span class='ocr_line' id='line_1_12' title="bbox 285 1441 1281 1608; baseline -0.006 -22"><span class='ocrx_word' id='word_1_101' title='bbox 285 1441 379 1608; x_wconf 79' lang='lat' dir='ltr'>303.p</span> <span class='ocrx_word' id='word_1_102' title='bbox 376 1522 415 1585; x_wconf 91' lang='grc' dir='ltr'>Β.</span> <span class='ocrx_word' id='word_1_103' title='bbox 431 1518 500 1605; x_wconf 85' lang='grc' dir='ltr'><strong><em>νβ’.]</em></strong></span> <span class='ocrx_word' id='word_1_104' title='bbox 528 1517 669 1585; x_wconf 84' lang='lat' dir='ltr'>Pertinet</span> <span class='ocrx_word' id='word_1_105' title='bbox 689 1517 731 1602; x_wconf 78' lang='lat' dir='ltr'>ad</span> <span class='ocrx_word' id='word_1_106' title='bbox 753 1516 834 1582; x_wconf 89' lang='lat' dir='ltr'>illud</span> <span class='ocrx_word' id='word_1_107' title='bbox 855 1516 1015 1582; x_wconf 83' lang='lat' dir='ltr'>Herodoti</span> <span class='ocrx_word' id='word_1_108' title='bbox 1037 1519 1097 1583; x_wconf 90' lang='lat' dir='ltr'>1V.</span> <span class='ocrx_word' id='word_1_109' title='bbox 1112 1536 1176 1603; x_wconf 83' lang='grc' dir='ltr'>3οε</span> <span class='ocrx_word' id='word_1_110' title='bbox 1199 1521 1281 1605; x_wconf 74' lang='grc' dir='ltr'>ὲνεῇ</span> 
     </span>
     <span class='ocr_line' id='line_1_13' title="bbox 240 1618 1281 1711; baseline -0.007 -22"><span class='ocrx_word' id='word_1_111' title='bbox 240 1624 340 1711; x_wconf 68' lang='grc' dir='ltr'><strong><em>Ἠλείῃ</em></strong></span> <span class='ocrx_word' id='word_1_112' title='bbox 362 1623 439 1710; x_wconf 71' lang='grc' dir='ltr'><strong><em>πόσῃ</em></strong></span> <span class='ocrx_word' id='word_1_113' title='bbox 459 1621 539 1708; x_wconf 70' lang='grc' dir='ltr'>χώρῃ</span> <span class='ocrx_word' id='word_1_114' title='bbox 561 1626 591 1685; x_wconf 82' lang='grc' dir='ltr'>οὐ</span> <span class='ocrx_word' id='word_1_115' title='bbox 611 1620 737 1685; x_wconf 66' lang='lat' dir='ltr'>tonsam</span> <span class='ocrx_word' id='word_1_116' title='bbox 756 1618 879 1706; x_wconf 81' lang='grc' dir='ltr'><strong><em>γόνισόαι</em></strong></span> <span class='ocrx_word' id='word_1_117' title='bbox 897 1619 1132 1703; x_wconf 54' lang='grc' dir='ltr'><strong><em>ἢμόνον-φασὶ</em></strong></span> <span class='ocrx_word' id='word_1_118' title='bbox 1153 1620 1182 1683; x_wconf 75' lang='grc' dir='ltr'>δὲ</span> <span class='ocrx_word' id='word_1_119' title='bbox 1203 1619 1281 1683; x_wconf 70' lang='grc' dir='ltr'><strong><em>αὐτοὶ</em></strong></span> 
     </span>
     <span class='ocr_line' id='line_1_14' title="bbox 241 1721 1280 1810; baseline -0.005 -21"><span class='ocrx_word' id='word_1_120' title='bbox 241 1728 350 1790; x_wconf 85' lang='grc' dir='ltr'><strong><em>Ἠλεῖοι</em></strong></span> <span class='ocrx_word' id='word_1_121' title='bbox 365 1729 396 1788; x_wconf 76' lang='grc' dir='ltr'>ἔτι</span> <span class='ocrx_word' id='word_1_122' title='bbox 411 1723 534 1810; x_wconf 69' lang='grc' dir='ltr'><strong><em>ιιατόςης</em></strong></span> <span class='ocrx_word' id='word_1_123' title='bbox 547 1748 594 1787; x_wconf 86' lang='grc' dir='ltr'>τευ</span> <span class='ocrx_word' id='word_1_124' title='bbox 609 1725 639 1787; x_wconf 82' lang='grc' dir='ltr'>οὐ</span> <span class='ocrx_word' id='word_1_125' title='bbox 654 1721 780 1807; x_wconf 71' lang='grc' dir='ltr'><strong><em>γίνεσθαί</em></strong></span> <span class='ocrx_word' id='word_1_126' title='bbox 792 1739 841 1801; x_wconf 81' lang='grc' dir='ltr'><strong><em>σφι</em></strong></span> <span class='ocrx_word' id='word_1_127' title='bbox 855 1721 986 1804; x_wconf 74' lang='grc' dir='ltr'><strong><em>ἡμιόνους·</em></strong></span> <span class='ocrx_word' id='word_1_128' title='bbox 1006 1725 1073 1786; x_wconf 71' lang='grc' dir='ltr'><strong>ἀλλ’</strong></span> <span class='ocrx_word' id='word_1_129' title='bbox 1088 1725 1169 1785; x_wconf 74' lang='grc' dir='ltr'><strong><em>ἐπεὰν</em></strong></span> <span class='ocrx_word' id='word_1_130' title='bbox 1182 1721 1280 1809; x_wconf 54' lang='lat' dir='ltr'>egerin</span> 
     </span>
     <span class='ocr_line' id='line_1_15' title="bbox 242 1823 1282 1915; baseline -0.002 -25"><span class='ocrx_word' id='word_1_131' title='bbox 242 1825 330 1915; x_wconf 65' lang='lat' dir='ltr'>trior</span> <span class='ocrx_word' id='word_1_132' title='bbox 356 1827 517 1913; x_wconf 75' lang='grc' dir='ltr'><strong><em>νουΐσαοσόαι</em></strong></span> <span class='ocrx_word' id='word_1_133' title='bbox 539 1830 591 1900; x_wconf 73' lang='grc' dir='ltr'><strong><em>τοὶς</em></strong></span> <span class='ocrx_word' id='word_1_134' title='bbox 611 1826 719 1905; x_wconf 70' lang='grc' dir='ltr'><strong><em>ἵππους,</em></strong></span> <span class='ocrx_word' id='word_1_135' title='bbox 742 1824 915 1903; x_wconf 77' lang='grc' dir='ltr'><strong><em>ἐξελαύνουσι</em></strong></span> <span class='ocrx_word' id='word_1_136' title='bbox 938 1830 964 1901; x_wconf 76' lang='grc' dir='ltr'>ἐς</span> <span class='ocrx_word' id='word_1_137' title='bbox 984 1827 1046 1901; x_wconf 81' lang='grc' dir='ltr'><strong><em>τοὺς</em></strong></span> <span class='ocrx_word' id='word_1_138' title='bbox 1070 1823 1282 1912; x_wconf 67' lang='grc' dir='ltr'><strong><em>πλησιοχώρους</em></strong></span> 
     </span>
     <span class='ocr_line' id='line_1_16' title="bbox 242 1926 1281 2015; baseline -0.002 -21"><span class='ocrx_word' id='word_1_139' title='bbox 242 1930 339 2005; x_wconf 76' lang='grc' dir='ltr'><strong><em>αὐτός·</em></strong></span> <span class='ocrx_word' id='word_1_140' title='bbox 363 1931 411 1994; x_wconf 74' lang='grc' dir='ltr'>καὶ</span> <span class='ocrx_word' id='word_1_141' title='bbox 433 1928 527 1993; x_wconf 69' lang='grc' dir='ltr'><strong><em>ἔτειτόι</em></strong></span> <span class='ocrx_word' id='word_1_142' title='bbox 546 1946 594 2011; x_wconf 81' lang='grc' dir='ltr'><strong><em>σφι</em></strong></span> <span class='ocrx_word' id='word_1_143' title='bbox 615 1931 642 1991; x_wconf 73' lang='grc' dir='ltr'>ἓν</span> <span class='ocrx_word' id='word_1_144' title='bbox 660 1934 693 2015; x_wconf 75' lang='grc' dir='ltr'>τῇ</span> <span class='ocrx_word' id='word_1_145' title='bbox 714 1936 769 1992; x_wconf 82' lang='grc' dir='ltr'>τῶν</span> <span class='ocrx_word' id='word_1_146' title='bbox 781 1927 869 2003; x_wconf 74' lang='grc' dir='ltr'><strong><em>πίλοις</em></strong></span> <span class='ocrx_word' id='word_1_147' title='bbox 884 1930 980 1992; x_wconf 69' lang='grc' dir='ltr'><strong><em>ἐπιεῖσι</em></strong></span> <span class='ocrx_word' id='word_1_148' title='bbox 995 1928 1058 2002; x_wconf 77' lang='grc' dir='ltr'><strong><em>τοὺς</em></strong></span> <span class='ocrx_word' id='word_1_149' title='bbox 1070 1927 1153 2007; x_wconf 78' lang='grc' dir='ltr'><strong><em>ὅνους,</em></strong></span> <span class='ocrx_word' id='word_1_150' title='bbox 1166 1930 1193 2002; x_wconf 73' lang='grc' dir='ltr'>ὗς</span> <span class='ocrx_word' id='word_1_151' title='bbox 1206 1927 1237 1991; x_wconf 80' lang='grc' dir='ltr'>οὗ</span> <span class='ocrx_word' id='word_1_152' title='bbox 1248 1926 1281 1992; x_wconf 68' lang='grc' dir='ltr'>ὃν</span> 
     </span>
     <span class='ocr_line' id='line_1_17' title="bbox 241 2028 1280 2118; baseline 0 -23"><span class='ocrx_word' id='word_1_153' title='bbox 241 2040 338 2118; x_wconf 78' lang='grc' dir='ltr'><strong><em>σχῶσι</em></strong></span> <span class='ocrx_word' id='word_1_154' title='bbox 360 2038 390 2095; x_wconf 76' lang='lat' dir='ltr'>ets</span> <span class='ocrx_word' id='word_1_155' title='bbox 410 2032 486 2095; x_wconf 75' lang='grc' dir='ltr'><strong><em>ἵπποι</em></strong></span> <span class='ocrx_word' id='word_1_156' title='bbox 508 2034 535 2094; x_wconf 75' lang='grc' dir='ltr'>ἓν</span> <span class='ocrx_word' id='word_1_157' title='bbox 555 2028 673 2116; x_wconf 71' lang='grc' dir='ltr'><strong><em>γαστρί·</em></strong></span> <span class='ocrx_word' id='word_1_158' title='bbox 698 2029 793 2094; x_wconf 71' lang='grc' dir='ltr'><strong><em>ἔπειτα</em></strong></span> <span class='ocrx_word' id='word_1_159' title='bbox 805 2030 833 2092; x_wconf 74' lang='grc' dir='ltr'><strong>δῖ</strong></span> <span class='ocrx_word' id='word_1_160' title='bbox 851 2028 938 2094; x_wconf 78' lang='grc' dir='ltr'><strong><em>ὀπόσοι</em></strong></span> <span class='ocrx_word' id='word_1_161' title='bbox 950 2028 1146 2094; x_wconf 74' lang='grc' dir='ltr'><strong><em>ἀπελαύνουσι.</em></strong></span> <span class='ocrx_word' id='word_1_162' title='bbox 1191 2028 1280 2095; x_wconf 88' lang='lat' dir='ltr'>Hinc</span> 
     </span>
     <span class='ocr_line' id='line_1_18' title="bbox 165 2128 1282 2218; baseline -0.003 -20"><span class='ocrx_word' id='word_1_163' title='bbox 165 2131 168 2135; x_wconf 47' lang='lat'><strong>⁴</strong></span> <span class='ocrx_word' id='word_1_164' title='bbox 241 2132 377 2199; x_wconf 83' lang='lat' dir='ltr'>breviter</span> <span class='ocrx_word' id='word_1_165' title='bbox 398 2132 509 2197; x_wconf 88' lang='lat' dir='ltr'>retulit</span> <span class='ocrx_word' id='word_1_166' title='bbox 531 2131 696 2197; x_wconf 84' lang='lat' dir='ltr'>Pausanias</span> <span class='ocrx_word' id='word_1_167' title='bbox 714 2132 757 2196; x_wconf 91' lang='lat' dir='ltr'>V.</span> <span class='ocrx_word' id='word_1_168' title='bbox 776 2146 811 2216; x_wconf 87' lang='lat'>5,</span> <span class='ocrx_word' id='word_1_169' title='bbox 827 2154 860 2218; x_wconf 88' lang='lat'>9.</span> <span class='ocrx_word' id='word_1_170' title='bbox 905 2134 943 2195; x_wconf 94' lang='lat' dir='ltr'>In</span> <span class='ocrx_word' id='word_1_171' title='bbox 957 2131 1102 2196; x_wconf 86' lang='lat' dir='ltr'>oratione</span> <span class='ocrx_word' id='word_1_172' title='bbox 1118 2128 1282 2196; x_wconf 85' lang='lat' dir='ltr'>Plutarchi</span> 
     </span>
     <span class='ocr_line' id='line_1_19' title="bbox 244 2231 1348 2320; baseline -0.001 -22"><span class='ocrx_word' id='word_1_173' title='bbox 244 2233 375 2299; x_wconf 81' lang='lat' dir='ltr'>mendoa</span> <span class='ocrx_word' id='word_1_174' title='bbox 392 2233 488 2298; x_wconf 83' lang='lat' dir='ltr'>inesse</span> <span class='ocrx_word' id='word_1_175' title='bbox 503 2244 574 2297; x_wconf 90' lang='lat' dir='ltr'>tum</span> <span class='ocrx_word' id='word_1_176' title='bbox 589 2233 655 2319; x_wconf 91' lang='lat' dir='ltr'>ipsa</span> <span class='ocrx_word' id='word_1_177' title='bbox 668 2232 816 2313; x_wconf 88' lang='lat' dir='ltr'>ostendit,</span> <span class='ocrx_word' id='word_1_178' title='bbox 834 2247 903 2297; x_wconf 90' lang='lat' dir='ltr'>tum</span> <span class='ocrx_word' id='word_1_179' title='bbox 917 2233 972 2297; x_wconf 89' lang='lat' dir='ltr'>illa</span> <span class='ocrx_word' id='word_1_180' title='bbox 987 2231 1125 2320; x_wconf 84' lang='lat' dir='ltr'>exempli</span> <span class='ocrx_word' id='word_1_181' title='bbox 1139 2232 1280 2299; x_wconf 73' lang='lat' dir='ltr'>auctori·</span> <span class='ocrx_word' id='word_1_182' title='bbox 1345 2305 1348 2308; x_wconf 72' lang='lat'><strong>.</strong></span> 
     </span>
     <span class='ocr_line' id='line_1_20' title="bbox 242 2335 1282 2423; baseline -0.003 -21"><span class='ocrx_word' id='word_1_183' title='bbox 242 2351 303 2402; x_wconf 80' lang='lat' dir='ltr'>tae.</span> <span class='ocrx_word' id='word_1_184' title='bbox 349 2335 542 2402; x_wconf 79' lang='lat' dir='ltr'>Quaestionis</span> <span class='ocrx_word' id='word_1_185' title='bbox 565 2348 794 2423; x_wconf 84' lang='lat' dir='ltr'>argumentum</span> <span class='ocrx_word' id='word_1_186' title='bbox 819 2336 863 2401; x_wconf 90' lang='lat' dir='ltr'>est</span> <span class='ocrx_word' id='word_1_187' title='bbox 887 2335 928 2399; x_wconf 92' lang='lat' dir='ltr'>de</span> <span class='ocrx_word' id='word_1_188' title='bbox 953 2358 1043 2401; x_wconf 88' lang='lat' dir='ltr'>more</span> <span class='ocrx_word' id='word_1_189' title='bbox 1066 2357 1165 2422; x_wconf 84' lang='lat' dir='ltr'>equas</span> <span class='ocrx_word' id='word_1_190' title='bbox 1190 2335 1282 2402; x_wconf 82' lang='lat' dir='ltr'>afinia</span> 
     </span>
     <span class='ocr_line' id='line_1_21' title="bbox 241 2436 1282 2525; baseline -0.002 -21"><span class='ocrx_word' id='word_1_191' title='bbox 241 2437 450 2505; x_wconf 88' lang='lat' dir='ltr'>submittendi</span> <span class='ocrx_word' id='word_1_192' title='bbox 465 2437 604 2523; x_wconf 86' lang='lat' dir='ltr'>indeque</span> <span class='ocrx_word' id='word_1_193' title='bbox 617 2436 724 2501; x_wconf 88' lang='lat' dir='ltr'>mulos</span> <span class='ocrx_word' id='word_1_194' title='bbox 738 2436 937 2524; x_wconf 89' lang='lat' dir='ltr'>procreandi.</span> <span class='ocrx_word' id='word_1_195' title='bbox 975 2437 1081 2524; x_wconf 84' lang='lat' dir='ltr'>Igitur</span> <span class='ocrx_word' id='word_1_196' title='bbox 1093 2437 1192 2502; x_wconf 87' lang='lat' dir='ltr'>etiam</span> <span class='ocrx_word' id='word_1_197' title='bbox 1203 2436 1282 2525; x_wconf 90' lang='lat' dir='ltr'>quid</span> 
     </span>
    </p>
   </div>
   <div class='ocr_carea' id='block_1_3' title="bbox 131 2538 1282 2626">
    <p class='ocr_par' dir='ltr' id='par_1_7' title="bbox 131 2538 1282 2626">
     <span class='ocr_line' id='line_1_22' title="bbox 131 2538 1282 2626; baseline -0.002 -20"><span class='ocrx_word' id='word_1_198' title='bbox 131 2607 133 2612; x_wconf 70' lang='grc'>,</span> <span class='ocrx_word' id='word_1_199' title='bbox 243 2542 286 2607; x_wconf 87' lang='lat' dir='ltr'>est</span> <span class='ocrx_word' id='word_1_200' title='bbox 307 2540 372 2606; x_wconf 81' lang='lat' dir='ltr'>hoo</span> <span class='ocrx_word' id='word_1_201' title='bbox 394 2539 487 2614; x_wconf 73' lang='grc' dir='ltr'><strong><em>ἐνόδας</em></strong></span> <span class='ocrx_word' id='word_1_202' title='bbox 507 2540 623 2613; x_wconf 66' lang='lat' dir='ltr'>incur?</span> <span class='ocrx_word' id='word_1_203' title='bbox 639 2587 644 2595; x_wconf 87' lang='lat'>-</span> <span class='ocrx_word' id='word_1_204' title='bbox 661 2538 891 2626; x_wconf 81' lang='lat' dir='ltr'>Weffelingius</span> <span class='ocrx_word' id='word_1_205' title='bbox 905 2539 928 2603; x_wconf 96' lang='lat' dir='ltr'>l.</span> <span class='ocrx_word' id='word_1_206' title='bbox 944 2561 974 2604; x_wconf 89' lang='lat' dir='ltr'>c.</span> <span class='ocrx_word' id='word_1_207' title='bbox 991 2540 1137 2605; x_wconf 82' lang='lat' dir='ltr'>tentabat</span> <span class='ocrx_word' id='word_1_208' title='bbox 1154 2539 1282 2626; x_wconf 78' lang='grc' dir='ltr'><strong><em>ἐνόόρους,</em></strong></span> 
     </span>
    </p>
   </div>
   <div class='ocr_carea' id='block_1_4' title="bbox 227 2639 1283 3037">
    <p class='ocr_par' dir='ltr' id='par_1_8' title="bbox 227 2639 1283 3037">
     <span class='ocr_line' id='line_1_23' title="bbox 231 2639 1282 2730; baseline 0 -24"><span class='ocrx_word' id='word_1_209' title='bbox 231 2643 363 2730; x_wconf 85' lang='lat' dir='ltr'>salaces,</span> <span class='ocrx_word' id='word_1_210' title='bbox 376 2640 562 2729; x_wconf 77' lang='lat' dir='ltr'>prurientes:</span> <span class='ocrx_word' id='word_1_211' title='bbox 584 2640 678 2727; x_wconf 77' lang='lat' dir='ltr'>possis</span> <span class='ocrx_word' id='word_1_212' title='bbox 692 2653 725 2705; x_wconf 91' lang='lat' dir='ltr'>et</span> <span class='ocrx_word' id='word_1_213' title='bbox 744 2639 845 2714; x_wconf 77' lang='grc' dir='ltr'><strong><em>ὀνῶὃεις</em></strong></span> <span class='ocrx_word' id='word_1_214' title='bbox 864 2640 1024 2727; x_wconf 82' lang='lat' dir='ltr'>suspicari,</span> <span class='ocrx_word' id='word_1_215' title='bbox 1039 2642 1122 2727; x_wconf 80' lang='lat' dir='ltr'>quast</span> <span class='ocrx_word' id='word_1_216' title='bbox 1137 2641 1282 2726; x_wconf 64' lang='lat' dir='ltr'>restuinus,</span> 
     </span>
     <span class='ocr_line' id='line_1_24' title="bbox 243 2740 1282 2831; baseline 0 -22"><span class='ocrx_word' id='word_1_217' title='bbox 243 2743 577 2831; x_wconf 78' lang='lat' dir='ltr'>afinissubmittendas:</span> <span class='ocrx_word' id='word_1_218' title='bbox 599 2740 652 2807; x_wconf 92' lang='lat' dir='ltr'>sed</span> <span class='ocrx_word' id='word_1_219' title='bbox 667 2766 707 2807; x_wconf 90' lang='lat' dir='ltr'>ne</span> <span class='ocrx_word' id='word_1_220' title='bbox 722 2742 798 2807; x_wconf 92' lang='lat' dir='ltr'>huic</span> <span class='ocrx_word' id='word_1_221' title='bbox 813 2742 942 2829; x_wconf 91' lang='lat' dir='ltr'>quidem</span> <span class='ocrx_word' id='word_1_222' title='bbox 959 2743 1126 2830; x_wconf 91' lang='lat' dir='ltr'>suspicioni</span> <span class='ocrx_word' id='word_1_223' title='bbox 1140 2744 1282 2810; x_wconf 89' lang='lat' dir='ltr'>multum</span> 
     </span>
     <span class='ocr_line' id='line_1_25' title="bbox 227 2844 1283 2933; baseline -0.002 -19"><span class='ocrx_word' id='word_1_224' title='bbox 227 2849 396 2933; x_wconf 48' lang='lat' dir='ltr'>¹tribuam.</span> <span class='ocrx_word' id='word_1_225' title='bbox 440 2844 567 2911; x_wconf 85' lang='lat' dir='ltr'>Deinde</span> <span class='ocrx_word' id='word_1_226' title='bbox 590 2848 665 2908; x_wconf 75' lang='lat' dir='ltr'>md</span> <span class='ocrx_word' id='word_1_227' title='bbox 684 2853 738 2909; x_wconf 82' lang='grc' dir='ltr'>τῶν</span> <span class='ocrx_word' id='word_1_228' title='bbox 759 2846 847 2909; x_wconf 74' lang='grc' dir='ltr'><strong><em>ἵππων</em></strong></span> <span class='ocrx_word' id='word_1_229' title='bbox 868 2845 1018 2932; x_wconf 76' lang='grc' dir='ltr'><strong><em>ὀχευόντων</em></strong></span> <span class='ocrx_word' id='word_1_230' title='bbox 1042 2868 1107 2910; x_wconf 91' lang='lat' dir='ltr'>non</span> <span class='ocrx_word' id='word_1_231' title='bbox 1131 2846 1283 2912; x_wconf 78' lang='lat' dir='ltr'>satisfacit</span> 
     </span>
     <span class='ocr_line' id='line_1_26' title="bbox 243 2948 1283 3037; baseline -0.004 -20"><span class='ocrx_word' id='word_1_232' title='bbox 243 2972 303 3017; x_wconf 91' lang='lat' dir='ltr'>nec</span> <span class='ocrx_word' id='word_1_233' title='bbox 323 2948 546 3037; x_wconf 77' lang='lat' dir='ltr'>compositioni</span> <span class='ocrx_word' id='word_1_234' title='bbox 566 2966 626 3014; x_wconf 87' lang='lat' dir='ltr'>nec</span> <span class='ocrx_word' id='word_1_235' title='bbox 649 2949 825 3028; x_wconf 79' lang='lat' dir='ltr'>sententiae,</span> <span class='ocrx_word' id='word_1_236' title='bbox 848 2970 920 3034; x_wconf 87' lang='lat' dir='ltr'>quae</span> <span class='ocrx_word' id='word_1_237' title='bbox 942 2949 1110 3035; x_wconf 89' lang='lat' dir='ltr'>requirunt</span> <span class='ocrx_word' id='word_1_238' title='bbox 1131 2954 1208 3012; x_wconf 77' lang='grc' dir='ltr'><strong><em>κατὰ</em></strong></span> <span class='ocrx_word' id='word_1_239' title='bbox 1228 2958 1283 3013; x_wconf 75' lang='grc' dir='ltr'>τῶν</span> 
     </span>
    </p>
   </div>
   <div class='ocr_carea' id='block_1_5' title="bbox 100 3050 1281 3139">
    <p class='ocr_par' dir='ltr' id='par_1_9' title="bbox 100 3050 1281 3139">
     <span class='ocr_line' id='line_1_27' title="bbox 100 3050 1281 3139; baseline 0.002 -23"><span class='ocrx_word' id='word_1_240' title='bbox 100 3081 103 3084; x_wconf 47' lang='lat'><strong>⁴</strong></span> <span class='ocrx_word' id='word_1_241' title='bbox 241 3055 337 3127; x_wconf 72' lang='grc' dir='ltr'><strong><em>ἵππους</em></strong></span> <span class='ocrx_word' id='word_1_242' title='bbox 351 3051 416 3127; x_wconf 81' lang='grc' dir='ltr'><strong><em>ὄνοις</em></strong></span> <span class='ocrx_word' id='word_1_243' title='bbox 432 3050 591 3136; x_wconf 74' lang='grc' dir='ltr'><strong><em>ὀχευόντων.</em></strong></span> <span class='ocrx_word' id='word_1_244' title='bbox 619 3051 777 3116; x_wconf 89' lang='lat' dir='ltr'>OEnomai</span> <span class='ocrx_word' id='word_1_245' title='bbox 789 3073 868 3137; x_wconf 86' lang='lat' dir='ltr'>erga</span> <span class='ocrx_word' id='word_1_246' title='bbox 876 3074 944 3115; x_wconf 90' lang='lat' dir='ltr'>rem</span> <span class='ocrx_word' id='word_1_247' title='bbox 956 3053 1132 3139; x_wconf 87' lang='lat' dir='ltr'>equestrem</span> <span class='ocrx_word' id='word_1_248' title='bbox 1143 3051 1281 3118; x_wconf 91' lang='lat' dir='ltr'>studium</span> 
     </span>
    </p>
   </div>
   <div class='ocr_carea' id='block_1_6' title="bbox 242 3151 1288 4266">
    <p class='ocr_par' dir='ltr' id='par_1_10' title="bbox 243 3151 1283 3548">
     <span class='ocr_line' id='line_1_28' title="bbox 243 3151 1281 3241; baseline 0.001 -23"><span class='ocrx_word' id='word_1_249' title='bbox 243 3155 426 3240; x_wconf 84' lang='lat' dir='ltr'>frequenter</span> <span class='ocrx_word' id='word_1_250' title='bbox 446 3173 466 3241; x_wconf 78' lang='lat' dir='ltr'>u</span> <span class='ocrx_word' id='word_1_251' title='bbox 486 3151 657 3216; x_wconf 87' lang='lat' dir='ltr'>Veteribus</span> <span class='ocrx_word' id='word_1_252' title='bbox 680 3166 886 3216; x_wconf 89' lang='lat' dir='ltr'>memoratur.</span> <span class='ocrx_word' id='word_1_253' title='bbox 931 3152 1060 3224; x_wconf 86' lang='lat' dir='ltr'>Rudera</span> <span class='ocrx_word' id='word_1_254' title='bbox 1084 3152 1281 3239; x_wconf 26' lang='lat' dir='ltr'>&#39;stabulorum</span> 
     </span>
     <span class='ocr_line' id='line_1_29' title="bbox 243 3253 1283 3345; baseline 0 -22"><span class='ocrx_word' id='word_1_255' title='bbox 243 3256 314 3345; x_wconf 85' lang='lat' dir='ltr'>ejus</span> <span class='ocrx_word' id='word_1_256' title='bbox 335 3268 442 3320; x_wconf 89' lang='lat' dir='ltr'>narrat</span> <span class='ocrx_word' id='word_1_257' title='bbox 463 3253 628 3319; x_wconf 83' lang='lat' dir='ltr'>Pausanias</span> <span class='ocrx_word' id='word_1_258' title='bbox 642 3256 823 3340; x_wconf 77' lang='lat' dir='ltr'><strong>V1.21.p.</strong></span> <span class='ocrx_word' id='word_1_259' title='bbox 841 3259 918 3338; x_wconf 87' lang='lat'><strong>506.</strong></span> <span class='ocrx_word' id='word_1_260' title='bbox 962 3259 1005 3320; x_wconf 88' lang='lat' dir='ltr'>Et</span> <span class='ocrx_word' id='word_1_261' title='bbox 1023 3256 1140 3321; x_wconf 88' lang='lat' dir='ltr'>horum</span> <span class='ocrx_word' id='word_1_262' title='bbox 1156 3257 1283 3323; x_wconf 81' lang='lat' dir='ltr'>fortasse</span> 
     </span>
     <span class='ocr_line' id='line_1_30' title="bbox 243 3356 1281 3447; baseline 0.001 -24"><span class='ocrx_word' id='word_1_263' title='bbox 243 3358 393 3447; x_wconf 82' lang='lat' dir='ltr'>quaedam</span> <span class='ocrx_word' id='word_1_264' title='bbox 416 3357 601 3444; x_wconf 83' lang='lat' dir='ltr'>fignificatio</span> <span class='ocrx_word' id='word_1_265' title='bbox 622 3356 724 3422; x_wconf 88' lang='lat' dir='ltr'>subest</span> <span class='ocrx_word' id='word_1_266' title='bbox 743 3358 776 3422; x_wconf 93' lang='lat' dir='ltr'>in</span> <span class='ocrx_word' id='word_1_267' title='bbox 795 3357 851 3422; x_wconf 89' lang='lat' dir='ltr'>illo</span> <span class='ocrx_word' id='word_1_268' title='bbox 871 3357 996 3423; x_wconf 89' lang='lat' dir='ltr'>Pindari</span> <span class='ocrx_word' id='word_1_269' title='bbox 1011 3358 1144 3447; x_wconf 90' lang='lat' dir='ltr'><strong>Olymp.</strong></span> <span class='ocrx_word' id='word_1_270' title='bbox 1160 3363 1203 3425; x_wconf 92' lang='lat' dir='ltr'>V.</span> <span class='ocrx_word' id='word_1_271' title='bbox 1220 3380 1281 3427; x_wconf 74' lang='lat'>202</span> 
     </span>
     <span class='ocr_line' id='line_1_31' title="bbox 244 3445 1270 3548; baseline 0 -24"><span class='ocrx_word' id='word_1_272' title='bbox 244 3459 427 3544; x_wconf 73' lang='lat' dir='ltr'>-Oiropaiou</span> <span class='ocrx_word' id='word_1_273' title='bbox 442 3460 489 3523; x_wconf 78' lang='lat' dir='ltr'>nai</span> <span class='ocrx_word' id='word_1_274' title='bbox 503 3458 632 3534; x_wconf 74' lang='grc' dir='ltr'><strong><em>Πέλοπος</em></strong></span> <span class='ocrx_word' id='word_1_275' title='bbox 644 3463 708 3546; x_wconf 74' lang='grc' dir='ltr'>παρ’</span> <span class='ocrx_word' id='word_1_276' title='bbox 723 3460 858 3548; x_wconf 76' lang='grc' dir='ltr'><strong><em>εὐηράτων</em></strong></span> <span class='ocrx_word' id='word_1_277' title='bbox 872 3463 1013 3544; x_wconf 81' lang='grc' dir='ltr'><strong><em>σταθμῶν.</em></strong></span> <span class='ocrx_word' id='word_1_278' title='bbox 1264 3445 1270 3455; x_wconf 40' lang='grc'><strong>’</strong></span> 
     </span>
    </p>

    <p class='ocr_par' dir='ltr' id='par_1_11' title="bbox 286 3561 1282 3650">
     <span class='ocr_line' id='line_1_32' title="bbox 286 3561 1282 3650; baseline 0.001 -21"><span class='ocrx_word' id='word_1_279' title='bbox 286 3584 362 3650; x_wconf 89' lang='grc'><strong><em>303.</em></strong></span> <span class='ocrx_word' id='word_1_280' title='bbox 371 3564 410 3627; x_wconf 92' lang='grc' dir='ltr'>Β.</span> <span class='ocrx_word' id='word_1_281' title='bbox 420 3561 489 3649; x_wconf 52' lang='lat' dir='ltr'>cyfi]</span> <span class='ocrx_word' id='word_1_282' title='bbox 503 3565 614 3628; x_wconf 91' lang='lat' dir='ltr'>Unum</span> <span class='ocrx_word' id='word_1_283' title='bbox 624 3563 686 3629; x_wconf 90' lang='lat' dir='ltr'>hoc</span> <span class='ocrx_word' id='word_1_284' title='bbox 696 3564 793 3629; x_wconf 84' lang='lat' dir='ltr'>refert</span> <span class='ocrx_word' id='word_1_285' title='bbox 801 3565 971 3644; x_wconf 73' lang='lat' dir='ltr'>Memfim,</span> <span class='ocrx_word' id='word_1_286' title='bbox 982 3564 1079 3628; x_wconf 88' lang='lat' dir='ltr'>Creta</span> <span class='ocrx_word' id='word_1_287' title='bbox 1090 3564 1150 3628; x_wconf 91' lang='lat' dir='ltr'>IX.</span> <span class='ocrx_word' id='word_1_288' title='bbox 1160 3585 1194 3649; x_wconf 85' lang='lat' dir='ltr'>p.</span> <span class='ocrx_word' id='word_1_289' title='bbox 1205 3583 1282 3650; x_wconf 80' lang='lat'><strong>230.</strong></span> 
     </span>
    </p>

    <p class='ocr_par' dir='ltr' id='par_1_12' title="bbox 242 3663 1288 4266">
     <span class='ocr_line' id='line_1_33' title="bbox 285 3663 1282 3753; baseline 0.001 -23"><span class='ocrx_word' id='word_1_290' title='bbox 285 3686 362 3753; x_wconf 89' lang='grc'><strong><em>303.</em></strong></span> <span class='ocrx_word' id='word_1_291' title='bbox 378 3665 419 3729; x_wconf 87' lang='lat' dir='ltr'>C.</span> <span class='ocrx_word' id='word_1_292' title='bbox 435 3663 497 3750; x_wconf 61' lang='lat' dir='ltr'>vt]</span> <span class='ocrx_word' id='word_1_293' title='bbox 523 3667 606 3730; x_wconf 80' lang='lat' dir='ltr'>Haec</span> <span class='ocrx_word' id='word_1_294' title='bbox 628 3676 661 3729; x_wconf 87' lang='lat' dir='ltr'>et</span> <span class='ocrx_word' id='word_1_295' title='bbox 678 3664 840 3752; x_wconf 82' lang='lat' dir='ltr'>sequentia</span> <span class='ocrx_word' id='word_1_296' title='bbox 853 3688 892 3729; x_wconf 88' lang='lat' dir='ltr'>ex</span> <span class='ocrx_word' id='word_1_297' title='bbox 905 3665 1081 3730; x_wconf 84' lang='lat' dir='ltr'>Aristotelis</span> <span class='ocrx_word' id='word_1_298' title='bbox 1096 3679 1153 3729; x_wconf 91' lang='lat' dir='ltr'>aut</span> <span class='ocrx_word' id='word_1_299' title='bbox 1174 3668 1282 3731; x_wconf 87' lang='lat' dir='ltr'>Hera·</span> 
     </span>
     <span class='ocr_line' id='line_1_34' title="bbox 243 3766 1283 3854; baseline -0.003 -19"><span class='ocrx_word' id='word_1_300' title='bbox 243 3769 335 3835; x_wconf 87' lang='lat' dir='ltr'>clidis</span> <span class='ocrx_word' id='word_1_301' title='bbox 351 3766 528 3854; x_wconf 85' lang='lat' dir='ltr'>Republica</span> <span class='ocrx_word' id='word_1_302' title='bbox 542 3766 724 3832; x_wconf 87' lang='lat' dir='ltr'>Samiorum</span> <span class='ocrx_word' id='word_1_303' title='bbox 739 3767 845 3832; x_wconf 88' lang='lat' dir='ltr'>sumta</span> <span class='ocrx_word' id='word_1_304' title='bbox 858 3766 1015 3832; x_wconf 85' lang='lat' dir='ltr'>videntur.</span> <span class='ocrx_word' id='word_1_305' title='bbox 1048 3768 1208 3854; x_wconf 90' lang='lat' dir='ltr'>Equidem</span> <span class='ocrx_word' id='word_1_306' title='bbox 1224 3795 1283 3832; x_wconf 80' lang='grc' dir='ltr'>κα·</span> 
     </span>
     <span class='ocr_line' id='line_1_35' title="bbox 242 3870 1282 3958; baseline 0 -22"><span class='ocrx_word' id='word_1_307' title='bbox 242 3880 322 3937; x_wconf 71' lang='lat' dir='ltr'>aron</span> <span class='ocrx_word' id='word_1_308' title='bbox 345 3871 454 3958; x_wconf 86' lang='lat' dir='ltr'>potius</span> <span class='ocrx_word' id='word_1_309' title='bbox 475 3881 595 3935; x_wconf 89' lang='lat' dir='ltr'>vertam</span> <span class='ocrx_word' id='word_1_310' title='bbox 617 3871 783 3950; x_wconf 79' lang='lat' dir='ltr'>nominant,</span> <span class='ocrx_word' id='word_1_311' title='bbox 805 3893 880 3934; x_wconf 91' lang='lat' dir='ltr'>cum</span> <span class='ocrx_word' id='word_1_312' title='bbox 900 3870 1045 3957; x_wconf 85' lang='lat' dir='ltr'>Amyoto</span> <span class='ocrx_word' id='word_1_313' title='bbox 1061 3884 1096 3935; x_wconf 88' lang='lat' dir='ltr'>et</span> <span class='ocrx_word' id='word_1_314' title='bbox 1119 3870 1282 3953; x_wconf 84' lang='lat' dir='ltr'>Cruserio‚</span> 
     </span>
     <span class='ocr_line' id='line_1_36' title="bbox 244 3972 1284 4062; baseline 0 -23"><span class='ocrx_word' id='word_1_315' title='bbox 244 3998 341 4062; x_wconf 90' lang='lat' dir='ltr'>quam</span> <span class='ocrx_word' id='word_1_316' title='bbox 356 3976 496 4039; x_wconf 81' lang='lat' dir='ltr'>invocant</span> <span class='ocrx_word' id='word_1_317' title='bbox 509 3995 584 4038; x_wconf 91' lang='lat' dir='ltr'>cum</span> <span class='ocrx_word' id='word_1_318' title='bbox 600 3973 788 4061; x_wconf 82' lang='lat' dir='ltr'>Xylandr03</span> <span class='ocrx_word' id='word_1_319' title='bbox 812 3972 989 4059; x_wconf 88' lang='lat' dir='ltr'>quaenotio</span> <span class='ocrx_word' id='word_1_320' title='bbox 1003 3973 1107 4060; x_wconf 80' lang='lat' dir='ltr'>magis</span> <span class='ocrx_word' id='word_1_321' title='bbox 1122 3973 1155 4038; x_wconf 92' lang='lat' dir='ltr'>in</span> <span class='ocrx_word' id='word_1_322' title='bbox 1169 3975 1284 4061; x_wconf 89' lang='lat' dir='ltr'>questu</span> 
     </span>
     <span class='ocr_line' id='line_1_37' title="bbox 243 4074 1288 4162; baseline 0 -21"><span class='ocrx_word' id='word_1_323' title='bbox 243 4091 278 4141; x_wconf 90' lang='lat' dir='ltr'>et</span> <span class='ocrx_word' id='word_1_324' title='bbox 290 4075 531 4154; x_wconf 86' lang='lat' dir='ltr'>lamentatione,</span> <span class='ocrx_word' id='word_1_325' title='bbox 547 4098 643 4162; x_wconf 89' lang='lat' dir='ltr'>quam</span> <span class='ocrx_word' id='word_1_326' title='bbox 655 4076 688 4139; x_wconf 93' lang='lat' dir='ltr'>in</span> <span class='ocrx_word' id='word_1_327' title='bbox 699 4074 885 4139; x_wconf 89' lang='lat' dir='ltr'>adoratione</span> <span class='ocrx_word' id='word_1_328' title='bbox 900 4088 934 4139; x_wconf 86' lang='lat' dir='ltr'>et</span> <span class='ocrx_word' id='word_1_329' title='bbox 948 4075 1039 4140; x_wconf 90' lang='lat' dir='ltr'>cultu</span> <span class='ocrx_word' id='word_1_330' title='bbox 1054 4075 1149 4140; x_wconf 88' lang='lat' dir='ltr'>valet.</span> <span class='ocrx_word' id='word_1_331' title='bbox 1179 4077 1288 4143; x_wconf 72' lang='lat' dir='ltr'>Dexi-r</span> 
     </span>
     <span class='ocr_line' id='line_1_38' title="bbox 245 4175 1283 4266; baseline 0.003 -25"><span class='ocrx_word' id='word_1_332' title='bbox 245 4175 384 4241; x_wconf 85' lang='lat' dir='ltr'>creontis</span> <span class='ocrx_word' id='word_1_333' title='bbox 397 4179 557 4243; x_wconf 87' lang='lat' dir='ltr'>Venerem</span> <span class='ocrx_word' id='word_1_334' title='bbox 572 4201 637 4243; x_wconf 90' lang='lat' dir='ltr'>non</span> <span class='ocrx_word' id='word_1_335' title='bbox 652 4176 727 4241; x_wconf 88' lang='lat' dir='ltr'>alibi</span> <span class='ocrx_word' id='word_1_336' title='bbox 742 4190 952 4242; x_wconf 87' lang='lat' dir='ltr'>memoratam</span> <span class='ocrx_word' id='word_1_337' title='bbox 967 4200 1006 4241; x_wconf 87' lang='lat' dir='ltr'>ex</span> <span class='ocrx_word' id='word_1_338' title='bbox 1021 4177 1170 4244; x_wconf 90' lang='lat' dir='ltr'>hocloco</span> <span class='ocrx_word' id='word_1_339' title='bbox 1183 4200 1283 4266; x_wconf 87' lang='lat' dir='ltr'>repo·</span> 
     </span>
    </p>
   </div>
   <div class='ocr_carea' id='block_1_7' title="bbox 99 4247 1036 4367">
    <p class='ocr_par' dir='ltr' id='par_1_13' title="bbox 99 4247 1036 4367">
     <span class='ocr_line' id='line_1_39' title="bbox 99 4247 1036 4367; baseline 0 -24"><span class='ocrx_word' id='word_1_340' title='bbox 99 4345 104 4354; x_wconf 73' lang='grc'><strong>,</strong></span> <span class='ocrx_word' id='word_1_341' title='bbox 125 4247 134 4268; x_wconf 52' lang='grc'><strong><em>’</em></strong></span> <span class='ocrx_word' id='word_1_342' title='bbox 244 4277 307 4344; x_wconf 88' lang='lat' dir='ltr'>suit</span> <span class='ocrx_word' id='word_1_343' title='bbox 320 4278 499 4344; x_wconf 76' lang='lat' dir='ltr'>Iarcherus</span> <span class='ocrx_word' id='word_1_344' title='bbox 513 4279 546 4345; x_wconf 92' lang='lat' dir='ltr'>in</span> <span class='ocrx_word' id='word_1_345' title='bbox 561 4282 702 4348; x_wconf 88' lang='lat' dir='ltr'>Memor.</span> <span class='ocrx_word' id='word_1_346' title='bbox 718 4280 758 4345; x_wconf 89' lang='lat' dir='ltr'>de</span> <span class='ocrx_word' id='word_1_347' title='bbox 771 4283 898 4346; x_wconf 86' lang='lat' dir='ltr'>Venere</span> <span class='ocrx_word' id='word_1_348' title='bbox 913 4302 946 4367; x_wconf 90' lang='lat' dir='ltr'>p.</span> <span class='ocrx_word' id='word_1_349' title='bbox 965 4299 1036 4366; x_wconf 81' lang='lat'>¹45·</span> 
     </span>
    </p>
   </div>
   <div class='ocr_carea' id='block_1_8' title="bbox 0 0 1363 4770">
    <p class='ocr_par' dir='ltr' id='par_1_14' title="bbox 0 0 1363 4770">
     <span class='ocr_line' id='line_1_40' title="bbox 0 0 1363 4770; baseline 0 0"><span class='ocrx_word' id='word_1_350' title='bbox 0 0 1363 4770; x_wconf 95' lang='lat' dir='ltr'> </span> 
     </span>
    </p>
   </div>
  </div>
 </body>
</html>
