2714 4770
242 404 259 445 ι
380 383 420 445 o.
440 384 489 444 w.
510 384 708 445 nummu.
729 385 775 444 m
795 382 1131 486 erumpentum.
1207 371 1219 394 ⁴

239 543 320 611 chus
335 543 515 630 profitetur,
530 543 562 608 se
578 542 667 609 hunc
681 543 798 608 libmm
815 543 848 608 in
865 541 953 609 Cleae
966 541 1101 631 gratiam
1117 538 1274 627 scripsisse,

239 645 410 732 cupientia,
425 659 463 712 ut
477 645 541 733 ipse
554 667 610 732 per
623 668 697 711 eum
714 645 886 712 absolveret
900 669 938 711 ea
951 669 1023 733 quae
1037 645 1070 710 in
1081 644 1193 710 sunere
1206 645 1272 707 Le-

239 746 359 813 ontidis
380 746 563 813 disseruisset
584 752 620 823 εἰς
634 750 666 812 ri
683 738 752 831 plat
770 748 819 821 καὶ
837 752 884 828 τὴν
897 751 980 826 αὐτὴν
994 746 1061 811 εἶναι
1074 745 1166 835 deripit
1179 771 1210 810 πε
1223 745 1273 808 nal

137 874 146 924 χ
238 850 368 938 γυναικὸς
392 851 500 930 ἀρετὴν,
521 848 563 914 ad
590 839 869 915 demonstrandum
894 873 987 913 unam
1010 847 1196 934 eamdemque
1221 838 1276 932 effe

239 952 303 1016 viri
316 964 344 1016 et
356 951 487 1017 mulieris
497 953 651 1017 virtutem.
677 956 791 1034 Ἀρεταὶ
795 952 897 1040 sortia
898 951 1005 1036 futla,
1017 948 1189 1017 Plutarcho
1199 948 1276 1014 alibi

241 1076 305 1118 non
333 1053 497 1134 dicuntur,
525 1076 584 1120 nec
609 1054 678 1120 aliis
702 1053 907 1143 scriptoribus
931 1054 977 1118 ita
1002 1052 1194 1140 simpliciter,
1220 1050 1275 1116 sed

240 1168 278 1220 ut
296 1154 385 1220 sunu]
408 1154 637 1222 subaudiantur
660 1156 805 1235 virtutes,
825 1178 865 1220 ex
887 1154 1004 1242 quibus
1025 1154 1109 1220 fana
1131 1152 1276 1240 profecta

239 1255 328 1323 sunt:
353 1256 450 1322 veluti
472 1256 559 1343 apud
580 1257 805 1347 Thucydidem
830 1258 874 1323 ΙΙ.
889 1277 908 1345 3
911 1275 944 1342 5.
960 1259 1020 1337 IV.
1040 1275 1094 1343 92.
1117 1259 1155 1338 μὴ
1171 1281 1275 1320 καται-

238 1359 343 1446 οχῦναι
363 1363 415 1435 τοὶς
435 1359 625 1447 προηκούσας
646 1360 757 1447 ἀρετάς·
781 1359 870 1450 quod
891 1358 969 1425 item
986 1357 1106 1424 dicitur
1120 1358 1199 1421 VIl.
1219 1358 1274 1443 69.

239 1465 291 1536 τὰς
308 1465 445 1544 πατρικὰς
464 1465 575 1548 ἆφέπᾶς,
596 1460 631 1527 οἷν
649 1466 782 1546 δπιφανιῖς
797 1460 868 1540 ἦσαν
880 1467 904 1526 οἶ
917 1461 1055 1549 πρόγονοι,
1068 1464 1107 1544 μδ
1122 1458 1274 1543 ἀφανίζειν.

240 1563 294 1629 Sic
317 1564 445 1629 virtutes
471 1565 639 1652 aliquoties
664 1566 745 1632 dixit
771 1567 870 1632 Corn.
893 1566 1019 1652 Nepos,
1041 1579 1078 1631 ut
1104 1564 1137 1629 in
1163 1562 1275 1628 Indice

239 1665 373 1732 Bosrano
394 1667 560 1748 annotavit
579 1670 610 1734 J.
627 1669 678 1735 M.
695 1668 923 1756 Heufingcrua.
966 1669 1015 1733 At
1028 1665 1227 1754 frequentius
1242 1678 1276 1729 et

239 1769 397 1851 disertius,
399 1770 527 1856 sortiter
527 1770 622 1858 satta
635 1769 789 1838 dicuntur
798 1771 1046 1857 ἀνδραγαθήματα,
1057 1783 1091 1834 et
1104 1767 1276 1833 Plutarcho

189 1887 191 1892 ’
239 1885 274 1936 et
295 1871 375 1937 aliis.
420 1871 538 1937 Similis
558 1874 740 1961 argumenti
759 1872 820 1937 suit
834 1871 915 1937 liber
926 1870 1080 1960 Apollonii
1094 1869 1197 1949 Stoici,
1212 1868 1276 1932 ὅσαι

239 1978 367 2060 γυναῖκες
381 1972 594 2057 ἐφιλοσόφησαν,
609 1973 624 2052 ἢ
639 1975 686 2038 καὶ
699 1973 794 2050 ἄλλοις
803 2000 831 2038 πι
842 1972 959 2052 ἐπίδοξον
973 1972 1162 2058 διεπράξαντο,
1176 1991 1275 2057 quem

240 2075 387 2140 novimus
412 2098 452 2141 ex
482 2076 618 2162 Sopatro
649 2075 736 2162 apud
766 2076 915 2141 Photium
943 2073 1099 2140 Biblioth.
1130 2070 1214 2137 Cod.
1241 2093 1275 2157 p.

242 2175 363 2242 CLXI.
382 2198 417 2263 p.
437 2196 513 2262 341.
535 2199 574 2243 ac
597 2177 735 2266 Tyrium
759 2177 820 2242 esse
845 2177 1039 2263 suspicamur
1063 2174 1275 2261 antiquiorem

234 2274 425 2357 Plutarcho,
439 2277 495 2365 qui
510 2277 592 2344 forte
607 2300 647 2343 ex
661 2277 717 2344 illo
729 2277 877 2366 quadam
893 2277 1048 2343 sumserit.
1070 2280 1112 2343 Et
1121 2278 1277 2342 Artemo·

242 2379 292 2445 nis
307 2379 484 2469 MagnetiS,
501 2389 556 2445 πῶν
574 2384 637 2446 κατ’
653 2386 750 2468 ἀρετὴν
770 2383 879 2468 ricarli
896 2379 1196 2469 πεπραγματευμένον,
1218 2381 1277 2458 διη-

114 2565 118 2577 ,
140 2486 142 2491 ’
226 2480 388 2566 ·γομάταν,
409 2483 557 2547 notitiam
578 2482 719 2548 indidem
742 2482 897 2549 habemus
912 2505 945 2571 p.
961 2483 1037 2569 338,
1051 2484 1106 2564 48.
1129 2481 1170 2546 de
1184 2480 1279 2568 cujus

242 2596 337 2651 etate
359 2607 418 2651 nec
440 2585 493 2672 ipfi
517 2586 693 2664 statuimus,
717 2609 776 2652 nec
798 2586 890 2652 nobie
912 2584 1080 2673 persuadet
1095 2584 1219 2650 Jonsrus
1233 2605 1279 2648 οε·

241 2685 370 2775 qualem
394 2685 513 2752 Laertii
536 2687 656 2752 faciens
678 2690 730 2754 De
751 2689 870 2775 Script.
893 2684 975 2752 Hist.
997 2685 1077 2753 Phil.
1094 2688 1157 2751 Ill.
1177 2706 1228 2766 11,
1243 2702 1278 2769 4.

243 2790 340 2856 Certe
361 2811 400 2855 ex
419 2789 482 2884 hoc
504 2788 666 2856 Plutarchi
687 2791 769 2857 libro
791 2791 894 2857 multa
914 2789 1072 2879 descripfit
1094 2790 1201 2878 capita
1217 2791 1278 2857 Po-

241 2890 365 2982 lyaenus
381 2891 575 2981 Strategem.
591 2891 663 2959 Lib.
678 2895 775 2960 VIll.

284 3001 317 3084 p.
334 3015 407 3078 242.
424 2994 464 3059 E.
479 2992 502 3058 ιδ
516 2992 624 3081 Κλέα]
653 2994 756 3060 Cleant
776 3019 817 3064 ex
837 2995 905 3061 hoc
921 3018 988 3061 uno
1004 2996 1077 3062 loco
1098 2996 1153 3063 fibi
1166 2995 1280 3085 cogni·

242 3108 310 3161 tam
325 3095 357 3159 in
371 3095 509 3161 Historia
523 3096 701 3163 Mulierum
715 3096 976 3184 Philosopharum
989 3100 1093 3164 Num.
1109 3101 1203 3165 XIV.
1219 3119 1280 3185 po·

96 3268 100 3277 .
242 3197 306 3264 suit
320 3196 511 3286 Menagius:
535 3220 730 3286 quamquam
746 3211 781 3264 et
794 3199 828 3264 in
842 3199 926 3264 libro
951 3202 1003 3266 De
1018 3201 1096 3267 lfide
1110 3215 1144 3267 et
1158 3200 1280 3267 Ofiride

242 3311 450 3379 memoratur,
466 3321 562 3386 quem
575 3299 605 3364 ei
617 3300 694 3366 item
707 3300 861 3387 inscripsit
877 3301 1080 3384 Plutarchus,
1094 3302 1179 3368 unde
1194 3325 1279 3369 nou·

238 3403 322 3508 nihil
345 3404 386 3469 de
406 3401 549 3511 mulieris
571 3404 667 3470 rebus
688 3418 723 3470 et
741 3403 926 3471 conditione
940 3404 1136 3493 colligimus,
1152 3426 1186 3492 p.
1201 3421 1279 3490 351.

182 3657 186 3663 .
244 3503 599 3694 ομίξδδῖδλθοοκυδὶδῃ]
617 3607 662 3672 ΙΙ.
675 3621 730 3693 45.
747 3629 785 3671 ex
802 3606 928 3672 Periclis
941 3588 1075 3694 persona
1089 3606 1122 3672 in
1136 3607 1284 3674 oratione

130 3744 147 3766 ι·
242 3707 381 3774 funebri.
426 3708 538 3774 Simile
548 3711 595 3795 est
610 3708 811 3774 Laconicum
824 3707 1081 3796 Apophthegma
1098 3707 1132 3774 in
1157 3708 1279 3775 Plutar-

242 3808 332 3875 cheis
348 3831 381 3897 p.
399 3826 473 3895 217.
490 3811 525 3874 P.
542 3822 575 3874 et
592 3829 665 3876 220.
677 3810 721 3874 D.
737 3808 770 3872 in
786 3831 852 3895 quo
868 3809 964 3875 etiarn
979 3809 1194 3898 Thucydiden
1207 3810 1283 3877 irni-

242 3911 323 3977 tatio
337 3922 481 3997 apparet,
490 3908 589 3986 Ὅλοος
601 3911 662 3999 περὶ
683 3909 842 3996 γυναικείας
857 3910 961 3993 φύσιας
974 3916 1051 3997 παρὰ
1065 3915 1120 3986 τοῖς
1137 3909 1189 3991 ἔξω
1202 3913 1289 3998 λόγον

242 4011 309 4076 εἶναι
332 4011 423 4075 οὐδένα
444 4013 493 4077 δεῖ.
536 4011 656 4101 Synefii
686 4014 738 4078 De
761 4010 886 4078 vald.
911 4035 943 4100 p.
968 4026 1042 4098 105.
1064 4013 1109 4077 D.
1131 4013 1199 4096 plur
1222 4019 1282 4104 γὰρ

243 4115 340 4198 ιἰφιπὴν
353 4111 468 4203 Ὀσιςις
489 4114 556 4202 ᾤετο
577 4117 707 4200 γυναικὸς
725 4115 805 4197 εἶναι,
820 4116 851 4179 ri
870 4116 940 4200 pipo
957 4117 989 4179 πδ
1003 4125 1089 4199 σῶμα
1102 4121 1198 4197 αὐτῆς,
1212 4120 1284 4201 μῆτι

242 4211 362 4295 τοῦνομα
376 4216 500 4293 διαβῆναι
513 4220 562 4295 clv
576 4214 681 4281 αὔλιον.

241 4304 245 4309 .
288 4333 361 4396 242.
378 4316 413 4381 F.
437 4322 451 4379 ὁ
471 4316 616 4401 'rapaton
640 4321 711 4382 lauri
736 4318 870 4405 vspo5-]
903 4321 971 4385 Lex
992 4342 1057 4386 non
1073 4318 1207 4409 jubent,
1230 4319 1284 4385 sed
