2714 4770
211 341 268 418 176
351 339 391 400 D.
406 337 455 399 W.
478 336 995 400 ANIMAnv.1NP1.UTARcffl
1016 340 1095 400 nm.

210 502 357 588 κρομμκίοιν
378 498 617 587 ἐπιδρασσόμενον]
644 499 809 587 Amyotuo
827 499 916 587 priua
937 497 1019 566 illud
1040 499 1193 587 κμομμῦον,
1213 514 1253 568 ut

209 626 328 673 nornen
349 601 514 691 proprium
539 601 680 667 hominis
705 603 889 684 Crommyum
910 602 1041 690 accipit.
1087 603 1253 670 Cruseriua
1335 619 1339 628 ·

208 707 338 794 τρίφιμον
351 705 468 785 reddit,
483 706 614 772 σίιοκοννι.
639 707 787 793 Uterque
799 727 978 793 perperam.
1001 705 1080 772 Ald.
1091 707 1163 771 Bas.
1174 705 1253 794 Xyl.

209 811 254 877 A.
270 814 309 877 Ε.
324 812 442 877 Venet.
458 809 538 874 dant
551 809 657 874 Δίκτυν
674 813 704 873 οὐ
723 810 880 896 κρομμύων·
904 809 1097 875 unde'Mez.
1114 823 1252 875 annota-

208 913 253 979 vit
276 912 409 977 Δίκτυνον
431 911 586 998 κρομμύων·
611 910 774 998 vulgatam
797 911 982 999 Stephanus
1001 911 1092 976 dedit
1112 910 1251 975 sumtum

207 1037 248 1082 ex
270 1015 403 1080 Leonie
426 1034 569 1101 quocum
596 1013 802 1080 consentiunt
825 1013 893 1079 Pol.
917 1014 1046 1080 Sehott.
1071 1014 1183 1079 Anon.
1206 1026 1252 1092 et,

208 1131 247 1184 nt
260 1117 396 1195 videtur,
411 1117 495 1190 Flor.
510 1115 631 1204 quippe
646 1137 685 1181 ex
698 1138 764 1202 quo
778 1115 825 1181 nil
837 1114 1000 1182 varietatis
1014 1114 1181 1203 proditum
1197 1117 1251 1181 est.

208 1219 307 1285 Certe
327 1243 387 1286 neo
401 1223 431 1284 οῦ
447 1242 507 1286 nec
521 1227 576 1284 τοῖον
591 1219 739 1307 probent.
782 1220 914 1284 Nomen
932 1217 1056 1284 alumni
1076 1240 1143 1283 non
1165 1217 1252 1299 alibi,

207 1321 297 1425 quod
316 1321 423 1402 sciam,
444 1321 619 1409 proditum,
636 1319 732 1385 etiam
754 1318 786 1384 in
809 1318 879 1408 ejua
899 1320 1048 1385 interitus
1070 1319 1253 1385 narratione

206 1446 241 1513 p.
250 1445 270 1511 3
273 1442 327 1512 57.
343 1426 381 1490 E.
396 1424 578 1490 omittitur:
602 1423 658 1489 ubi
671 1425 706 1498 οῦς
719 1421 824 1510 εἴρηται
836 1425 1024 1511 presentem
1038 1424 1127 1489 hunc
1142 1421 1250 1488 locum

63 1554 68 1561 ·
207 1526 373 1615 fignificat.
417 1527 490 1592 Sive
512 1526 632 1612 Didlys,
657 1525 718 1590 five
741 1525 901 1612 Dioynus,
930 1524 1047 1605 fuerit3
1077 1523 1251 1590 fimilitudo

207 1628 357 1717 quoedam
371 1651 446 1694 cunr
462 1627 572 1694 fabula
585 1629 702 1694 Graeca
716 1625 757 1692 de
770 1627 903 1716 Dioye,
917 1648 1016 1714 quam
1032 1625 1203 1712 Euripiden
1216 1625 1249 1689 in

207 1731 333 1820 perdita
355 1729 512 1819 tragoedia
530 1729 714 1809 celebravit,
733 1751 773 1795 eo
796 1752 856 1795 noe
878 1729 981 1811 ducit,
1000 1743 1040 1796 ut
1057 1728 1251 1817 suspicemur

142 1886 145 1891 .
172 1885 173 1888 ο
205 1830 340 1898 alteram
355 1854 395 1897 ex
409 1830 509 1897 altera
523 1830 678 1912 fabulam,
692 1844 726 1896 et
741 1829 880 1897 alterum
893 1853 935 1898 ex
948 1830 1051 1898 altero
1064 1850 1249 1920 cognomen

204 1934 335 2000 fluxisse.

103 2055 107 2062 ’
247 2055 325 2123 353.
347 2038 382 2102 F.
406 2040 430 2101 σί
452 2036 479 2100 li
502 2038 578 2125 ίοςοῖς
601 2039 777 2119 ἀφοσιοῦνται
800 2035 849 2100 καὶ
871 2035 1082 2125 θοσχιρσίνονσι
1104 2036 1137 2100 τῦ
1159 2032 1250 2123 κςθμ·

202 2137 511 2223 μνον-.]-Οε11ὶιιιι
525 2140 602 2203 ΧΧ.
619 2138 783 2228 82-opud
794 2136 993 2204 Plutarcbm
1007 2139 1040 2204 in
1049 2137 1128 2203 IIII
1137 2137 1172 2203 ι’νι
1187 2137 1252 2202 Ha·

193 2243 317 2328 fiodum
331 2240 534 2306 commentario
548 2240 631 2330 legi.-
654 2247 680 2283 “
693 2257 772 2330 σῶμα
792 2252 854 2306 tum
873 2241 1020 2331 revirescit
1037 2254 1065 2306 et
1082 2240 1250 2329 congermi-

204 2351 230 2386 “
242 2357 297 2409 nat
309 2333 458 2409 decedente
471 2343 555 2423 luna,
569 2357 670 2411 contra
686 2357 784 2410 autem
795 2345 932 2432 inarescit
943 2344 1132 2433 adolescente.
1165 2343 1251 2409 Εσιιι

117 2459 120 2463 ’
204 2454 229 2487 “
243 2445 373 2534 cauffam
386 2446 490 2511 dicunt
502 2447 557 2534 effe
559 2446 731 2532 sacerdotes
743 2448 906 2536 AEgyptii,
926 2471 979 2512 cur
1000 2447 1159 2534 Pelusiotae
1171 2460 1251 2534 cape

204 2557 230 2590 “
245 2573 304 2613 ιιονι
325 2549 417 2613 edunt
425 2574 438 2628 ,⁰
459 2548 530 2636 quia
539 2548 641 2635 solum
658 2547 768 2613 olerum
785 2549 917 2615 omnium
936 2561 1039 2614 contro
1060 2549 1145 2614 luna
1158 2557 1250 2615 auda

81 2642 86 2651 ’
124 2738 128 2744 Ι
204 2660 332 2740 “atquc
353 2653 481 2731 domno,
499 2651 577 2716 vicar
598 2662 628 2714 et
648 2653 802 2717 minuendi
816 2666 845 2717 et
859 2653 991 2742 augendi
1005 2653 1112 2719 babeat
1129 2664 1249 2718 contro·

203 2763 229 2798 “
244 2757 343 2820 rios.’'
388 2753 456 2820 Ubi
474 2753 560 2819 redte
575 2753 735 2842 improbat
750 2755 933 2821 Gronovius
945 2768 1134 2821 commenta
1147 2757 1248 2821 Lam·

202 2858 285 2926 becii
300 2873 335 2924 et
350 2857 505 2945 Scioppii,
521 2859 577 2946 qui
592 2858 679 2924 hunc
693 2858 803 2924 locum
818 2858 984 2947 significari
998 2871 1162 2946 putantes,
1175 2881 1247 2923 ver·

202 2962 318 3030 bailla
338 2961 371 3026 in
388 2962 466 3027 IIII
482 2962 515 3028 in
536 2961 697 3047 Hestodum
718 2962 916 3026 οσινιννιονιιστίο
937 2962 1056 3028 mutari
1077 2960 1250 3027 voluerunt

94 3121 99 3139 ,s
203 3067 235 3132 in
257 3068 318 3152 Ifln
338 3078 367 3129 el
390 3063 490 3150 Oſsrin
514 3063 737 3128 commentario:
763 3065 848 3151 qunfi
872 3087 945 3130 vero
969 3064 1158 3130 Plutarchus
1182 3087 1247 3130 non

202 3170 303 3236 soleat
325 3168 449 3232 diversis
476 3165 508 3231 in
531 3166 620 3232 libris
642 3166 766 3231 easdem
797 3190 847 3232 res
874 3167 1000 3233 iterare.
1045 3168 1123 3232 Moe
1149 3166 1249 3253 vulgo

197 3271 355 3362 jadiatus:
371 3293 400 3334 ν.
410 3292 441 3334 c.
457 3268 621 3333 Lucianua
634 3271 707 3335 lov.
722 3269 875 3357 Tragoed.
890 3270 930 3336 T.
947 3271 993 3335 11.
1009 3291 1043 3358 p.
1055 3272 1139 3357 6902
1155 3267 1247 3333 ἅπασι

203 3376 288 3440 κοινὸν
306 3377 363 3447 τοῖς
380 3371 545 3459 Αἰγυπτίοις
561 3373 595 3435 τὸ
612 3369 691 3459 ὕδωρ·
717 3371 770 3436 ἰδία
784 3375 813 3436 δὲ
830 3373 993 3457 Μεμφίταις
1005 3374 1057 3456 μὶν
1070 3378 1085 3436 θ
1099 3375 1165 3452 βοῦς
1179 3369 1246 3448 θιῦς·

202 3475 417 3555 Πηλουσιώταις
438 3474 466 3538 li
485 3473 634 3561 κρθμμνον·
659 3476 707 3539 καὶ
721 3473 820 3550 ἄλλοις
832 3474 955 3554 ίβις·-.
998 3474 1164 3542 luvenalis
1172 3475 1247 3540 Sat.

202 3582 278 3647 XV.
294 3601 325 3666 9.
342 3578 375 3642 in
390 3577 623 3666 AEgyptiorum
640 3577 913 3665 superstitionibus
927 3576 1144 3643 recensendis:
1168 3579 1248 3642 Por·

199 3708 268 3748 κοινιι
286 3693 314 3746 ιι
333 3695 411 3770 raepe
423 3681 508 3767 nefas
522 3678 650 3760 violare,
664 3689 693 3742 et
693 3678 847 3767 frangere
860 3683 967 3769 morfia.
998 3679 1156 3768 Osandas
1166 3703 1247 3766 gen·

200 3799 256 3867 tes,
271 3786 373 3874 quidm
386 3785 448 3849 baec
465 3785 628 3870 nascuntur
643 3783 677 3848 in
698 3783 789 3849 hortis
804 3783 953 3849 Numina
999 3781 1121 3849 Plinius
1136 3784 1184 3848 H.
1198 3784 1248 3849 N.

201 3891 296 3955 XIX.
310 3909 372 3977 32:
397 3886 516 3954 Allium
538 3886 689 3976 caepasque
706 3887 784 3952 inter
804 3888 870 3952 deos
891 3887 924 3952 ι’νι
934 3886 1138 3976 jurejurando
1159 3887 1249 3951 babet

134 3988 136 3992 ¹
202 3993 372 4080 AEgyptrts.

244 4113 320 4181 353.
337 4097 373 4159 F.
395 4096 444 4173 τὴν
465 4093 495 4158 ῦν
516 4091 618 4178 ἄνθεμον
638 4095 838 4178 ἡγοῦνται-ἔν
855 4091 1030 4179 πανσελήνῳ]
1056 4090 1247 4156 Herodotus

200 4199 246 4262 ll.
264 4215 324 4281 47:
348 4195 379 4259 ῦν
399 4197 426 4259 δὲ
447 4195 595 4280 Alpium
614 4197 713 4282 μιαρὸν
735 4197 852 4279 ἥγηνται
873 4195 958 4281 θηρίον
976 4195 1171 4274 alvan-*roien
1191 4193 1244 4276 μθν

197 4325 242 4364 νον
262 4297 377 4364 ἄλλοισι
399 4296 480 4362 θεοῖσι
504 4295 572 4364 θῦνον
590 4297 620 4373 ῦς
639 4301 671 4363 οῦ
690 4299 823 4363 δικαιοῦσι
846 4298 1006 4384 Alphenor·
1028 4297 1135 4386 2·le
1149 4297 1177 4361 li
1191 4296 1243 4361 καί
