2714 4770
253 357 311 418 ι..
400 339 439 398 u.
460 339 508 395 w.
530 337 727 396 suruanv.
749 337 794 396 nr
815 334 1050 397 rouxxucffl
1071 334 1151 394 um.

250 511 405 587 terpretes
419 496 473 562 alii
487 518 654 584 perperam
669 511 878 584 acceperunt:
903 495 990 561 recte
1002 493 1190 560 Cruseriusr
1209 509 1284 583 pue·

248 615 344 666 rorum
353 600 477 688 stupro,
495 612 692 687 tympanorum
706 600 783 663 inter
786 600 961 686 semimares
970 588 1160 686 pulsationes.
1202 602 1283 680 Τυμ-

190 711 194 719 ’
248 705 381 785 πουοσμοὶ
402 703 474 790 sunt
491 701 688 766 sacerdotum
708 703 789 766 Deae
812 700 971 788 thygioe,
989 699 1106 764 Matris
1127 701 1284 788 Deorum,

253 806 420 884 Gallorum,
439 797 646 919 castratorum:
669 818 707 867 ut
721 825 753 890 p.
764 805 817 868 60.
832 804 877 867 A.
893 816 927 868 et
939 804 994 888 56.
1010 803 1055 883 D,
1072 802 1112 864 Ε.
1126 800 1184 888 qui
1197 801 1285 867 locus

250 908 326 974 huic
341 908 407 972 fere
421 906 465 971 est
474 904 639 993 geminus.
656 904 782 991 itemp.
799 924 870 987 144.
883 907 927 984 D,
939 905 978 968 E.
990 903 1046 970 ubr
1056 916 1286 990 argumentum

249 1008 463 1097 exposuimus.

180 1131 181 1134 ’
292 1111 371 1197 338.
386 1108 458 1186 Cri
444 1107 592 1194 ἠρίστα
557 1134 608 1191 μου
622 1108 713 1197 οςθρου
732 1109 816 1190 uase(
800 1105 1084 1223 (sprrof-dpparot]
1112 1108 1196 1171 Haec
1214 1051 1285 1171 sim·

249 1212 366 1300 plicius
384 1232 422 1275 ac
440 1210 586 1274 disertius
606 1224 773 1275 narrantur
793 1211 866 1274 loco
884 1208 1017 1297 gemino
1033 1209 1120 1274 Vitae
1142 1209 1238 1274 Alex.
1254 1231 1285 1296 p.

195 1376 200 1387 ,
250 1316 326 1398 677.
350 1314 395 1392 D,
419 1311 563 1375 E-flubi
588 1311 714 1398 plenius
736 1310 913 1397 restiusque
935 1307 1287 1388 scribiturssrotedcns

250 1414 396 1496 ἔποβαῖνοον
418 1413 540 1501 ἅρματος
559 1413 736 1498 ἐλαυνομένου
755 1416 802 1478 καὶ
820 1413 988 1494 ἀποβαίνειν.
1031 1414 1084 1477 De
1105 1435 1195 1478 more
1216 1412 1286 1500 offi-

250 1518 340 1583 doadi
353 1518 397 1581 od
405 1517 566 1606 prandium
581 1516 762 1581 notavimus
775 1515 921 1604 quaedam
938 1537 971 1602 p.
988 1535 1058 1601 150.
1073 1517 1116 1580 A.

293 1620 369 1706 338.
390 1621 435 1684 D.
458 1618 569 1698 ἐκύβευε
591 1621 620 1682 δὲ
640 1619 704 1706 πρὸς
726 1619 843 1703 Μήδιον]
867 1617 937 1682 Vit.
963 1616 1058 1682 Alex.
1086 1638 1120 1704 p.
1142 1619 1218 1702 706.
1243 1619 1285 1683 D.

253 1721 375 1787 Confer
390 1733 499 1785 notata
513 1743 546 1808 p.
559 1723 613 1806 65.
630 1720 671 1799 C,
685 1722 730 1785 D.

292 1823 369 1910 338.
385 1825 429 1888 D.
442 1821 790 1909 Ῥωξάνην-Στάτειραν]
808 1823 860 1885 De
876 1821 1030 1886 Rhoxonae
1041 1818 1195 1907 conjugio
1210 1820 1287 1885 dixi·

251 1947 338 2006 mus,
358 1947 391 2012 p.
406 1944 482 2011 332.
503 1927 542 1989 Ε.
562 1925 603 1991 de
623 1925 750 1990 Statim
766 1922 955 1988 Plutarchus
970 1922 1038 1987 Vit.
1053 1921 1149 1987 Alex.
1165 1943 1199 2008 p.
1213 1939 1286 2009 703.

251 2026 289 2090 Ε.
314 2027 460 2094 eamdem
488 2027 596 2116 prodit
622 2027 787 2094 Diodorus
810 2025 874 2091 Sic.
897 2026 1008 2092 XVII.
1031 2040 1105 2108 107.
1147 2025 1287 2091 Iustinus
1351 2096 1353 2102 ,

253 2129 332 2193 XII.
351 2149 402 2194 10.
423 2144 457 2196 at
478 2130 634 2195 Arrianus
653 2129 799 2215 Borſsnen
816 2141 895 2193 natu
917 2126 1087 2192 maximam
1106 2125 1288 2193 Alexandro

32 2282 35 2291 .
118 2267 125 2282 ·
252 2240 331 2294 tunc
351 2232 481 2318 nupstsse
501 2233 597 2297 refert
616 2234 694 2300 VII.
710 2251 742 2312 4.
765 2253 861 2318 quam
876 2245 963 2295 certe
979 2252 1075 2294 unam
1090 2228 1287 2294 interAlex·

252 2332 344 2397 andri
370 2353 486 2400 uxores
511 2335 613 2415 fuisse,
639 2335 837 2400 documento
862 2335 905 2399 est
927 2334 1010 2399 tilius
1034 2354 1074 2398 ex
1097 2354 1137 2397 ea
1161 2330 1288 2428 reliana

255 2435 424 2516 Hercules,
443 2436 483 2500 de
502 2459 568 2523 quo
588 2437 710 2502 mentio
732 2438 768 2501 fit
785 2460 804 2501 a
824 2435 1029 2523 scriptoribus
1050 2434 1157 2500 citatis
1179 2435 1288 2501 Frein-

112 2559 119 2570 ’
253 2535 373 2602 lhemio
387 2538 428 2603 ad
445 2539 594 2605 Curtium
609 2541 653 2605 X.
670 2544 704 2621 6,
721 2561 771 2605 11.
810 2542 862 2605 De
877 2539 991 2605 harum
1005 2537 1190 2604 celebritate
1205 2561 1288 2626 nup·
1323 2532 1325 2536 ⁴

253 2637 370 2705 tiarum
387 2640 522 2707 vidimus
538 2663 572 2729 p.
585 2663 661 2730 329.
677 2645 717 2707 Ε.

295 2743 371 2829 338.
383 2745 495 2810 D-F.
511 2747 570 2831 περὶ
585 2747 613 2808 δὲ
626 2751 673 2822 τῆς
689 2745 806 2832 Δαρείου
820 2744 1151 2831 γυναικὸς-μαρτύρων]
1169 2744 1290 2810 Eadem

252 2842 407 2930 leguntur
422 2845 567 2910 historice
583 2860 717 2926 narrata,
729 2848 762 2912 in
774 2846 853 2911 Vita
863 2846 959 2912 Alex.
973 2866 1008 2932 p.
1021 2846 1096 2914 682.
1109 2846 1150 2926 C,
1162 2848 1207 2911 D.
1239 2845 1291 2911 Si·

224 3010 226 3021 ,
253 2944 389 3011 millime
410 2946 566 3013 Arrianus
589 2949 649 3014 IV.
671 2968 724 3016 20.
769 2947 947 3012 Athenaeus
972 2948 1070 3012 XIII.
1095 2969 1128 3034 p.
1148 2949 1224 3032 603.
1249 2947 1290 3013 C.

255 3046 388 3112 Curtius
404 3050 462 3115 IV.
480 3069 531 3113 10.
578 3049 708 3114 Quibus
721 3049 911 3117 adhibeatur
919 3048 1081 3136 judicium
1097 3049 1291 3115 Sandocru·

254 3147 342 3235 ciip.
358 3152 539 3232 261—264.
592 3224 594 3226 ,

296 3270 331 3335 p.
346 3270 428 3338 Ι339.
448 3253 487 3332 Β,
508 3253 549 3318 C.
570 3255 693 3342 Ταῤῥίοος
715 3259 728 3318 ὅ
750 3254 1154 3341 Δεινομένους-πολεμίους]
1181 3252 1293 3342 Hujus

254 3373 372 3417 nomen
391 3353 424 3417 in
444 3354 534 3419 sociis
552 3355 728 3422 Alexandri
747 3378 812 3422 non
831 3357 885 3422 nisi
903 3357 1054 3423 hocloco
1075 3357 1184 3422 exstat.
1230 3357 1294 3422 Rea

254 3454 386 3541 quidem
408 3456 475 3543 ipsa
495 3472 530 3523 et
550 3459 671 3525 sedtum
691 3484 710 3525 a
730 3460 903 3527 Plutarcho
916 3461 948 3525 in
964 3462 1043 3527 Vita
1056 3460 1151 3526 Alex.
1168 3483 1200 3548 p.
1217 3479 1294 3546 703.

38 3555 41 3560 ’
157 3574 159 3579 ·
253 3557 293 3637 Ε,
313 3561 348 3623 F.
375 3558 527 3625 tribuitur
548 3563 706 3649 Antigoni,
730 3562 1148 3650 cognomenxlnpoptr‘tmooo,
1170 3565 1211 3655 ex
1232 3564 1298 3628 hoc

253 3660 394 3742 vulnere,
417 3662 547 3750 adepto.
592 3665 658 3730 Hic
680 3666 806 3731 sortasse
826 3666 912 3730 idem
931 3666 968 3731 fit
988 3666 1114 3731 Torrr'as
1132 3667 1190 3755 qui
1211 3668 1298 3732 Tou·

252 3788 314 3845 ron,
331 3765 524 3831 ArrianoV.
540 3787 581 3849 14
593 3782 626 3833 et
640 3771 691 3834 16
721 3769 893 3833 Curti0V.
907 3789 949 3855 3·
973 3772 1068 3835 VIII.
1087 3790 1137 3851 14.
1251 3814 1253 3817 -

296 3887 371 3956 339.
388 3869 426 3947 B,
444 3869 484 3948 C,
498 3871 544 3934 D.
568 3871 971 3957 Αντοὲοεῖγνης-Τλοππης’
962 3898 1025 3958 spur
992 3873 1038 3957 ἄν]
1068 3874 1153 3937 Item
1167 3871 1210 3936 de
1224 3872 1301 3937 An·

255 3969 365 4057 tigene
384 3988 536 4038 narratur
550 3973 581 4038 in
605 3974 778 4060 Apophth.
801 3997 833 4060 p.
854 3974 925 4041 181.
941 3977 985 4039 A.
1006 3989 1039 4039 at
1056 3998 1089 4039 m
1105 3973 1182 4040 Vrta
1197 3967 1298 4040 Alex.

254 4072 379 4156 p..689
396 4074 434 4136 B.
463 4074 649 4161 Eurylocho
664 4076 782 4161 AEgeo.

297 4191 372 4259 339·
394 4174 439 4252 Dr
464 4177 504 4255 Ε,
528 4169 563 4240 F·
586 4178 769 4251 ‘Uoltur-³
772 4184 839 4240 Αντι
832 4205 890 4265 ινγο
870 4177 925 4264 ba]
958 4178 1076 4243 Ddem
1095 4199 1145 4244 rea
1166 4177 1300 4262 brevius

255 4274 418 4341 narratur
410 4299 443 4340 sn
459 4277 536 4343 Vita
551 4278 644 4345 Alex.
662 4301 696 4366 p.
710 4281 785 4368 692.
801 4281 841 4344 Β.
