2714 4770
74 399 77 403 -
213 361 363 421 annun.
384 360 518 420 numo
539 337 596 420 Au
615 361 761 422 nocru
783 362 898 424 onan.
919 363 1084 442 p.··350.n.
1128 375 1182 443 ¹55

149 520 265 585 Indico
278 543 370 588 cane.
408 520 585 609 Gregorius
599 522 685 586 Naz.
703 522 808 588 Stelit.
825 524 853 586 1.
869 524 967 610 p.*76.
982 522 1026 587 A.
1055 522 1185 588 Basilina

147 624 201 689 M.
224 624 320 710 Epist.
344 625 500 689 LXXIX.
523 646 556 710 p.
578 643 650 705 140.
674 625 714 690 C.
737 625 855 712 aliique
881 625 1018 692 ecclehae
1040 625 1187 691 doctores

150 725 350 813 martyribus
375 725 671 790 accommodantes.
718 727 838 814 'Attigit
868 725 931 792 hoc
958 739 1186 815 argumentum

149 828 197 892 H.
214 826 356 892 Valefius
370 825 507 892 Emend.
524 828 570 891 ΙΙ.
587 829 636 891 16.

192 948 269 1016 350.
290 931 335 994 D.
366 931 460 1007 αὐτὸς,
486 927 521 1004 ὥς
546 947 629 1009 φατι,
655 930 702 1007 ἤδη
725 929 1001 1018 ’μίμων-θάνατον]
1029 931 1082 997 De
1106 931 1188 1012 aliis,

150 1032 261 1110 credo,
278 1046 457 1112 narratum,
476 1031 626 1096 inimicus
645 1032 759 1117 aliquis
779 1033 961 1098 oratoribus
983 1032 1190 1120 philosophus

152 1131 185 1195 in
202 1132 373 1197 Isocratem
389 1132 604 1197 transtulerit:
625 1155 819 1220 quamquam
834 1133 959 1198 fortaffe
973 1133 1038 1221 ipse
1051 1134 1097 1198 ini
1111 1156 1189 1199 con·
1256 1131 1261 1139 ’

153 1233 237 1300 vicio
259 1235 435 1300 materiam
449 1235 636 1323 praebuerit,
656 1236 689 1300 in
715 1235 948 1301 Panathenaica
963 1237 1004 1301 fic
1018 1236 1058 1301 de
1071 1237 1102 1309 se
1116 1236 1191 1302 scri·

150 1335 231 1400 bena
252 1357 286 1422 p.
301 1352 388 1421 4052
411 1339 478 1400 ἀλλ’
500 1335 573 1421 οὗτοι
591 1337 638 1418 μοὶ
659 1338 692 1400 ri
710 1343 799 1423 γῆρας
818 1339 877 1401 ἐστὶ
898 1338 1064 1425 δυσάρεστον
1078 1338 1127 1401 καὶ
1139 1362 1191 1421 μι-

151 1438 285 1524 κρολόγον
308 1441 356 1502 nai
378 1438 577 1526 μιμψῖμοιμον,
597 1437 673 1504 ὥστε
692 1441 831 1515 πολλάκις
849 1440 896 1518 ἤδη
915 1444 964 1519 τὴν
979 1440 1030 1522 μὲν
1048 1440 1128 1524 φύσιν
1145 1443 1193 1518 τὴν

151 1543 272 1622 inaurati
290 1541 517 1624 κατεμεμψάμην
542 1541 573 1620 ἦς
598 1544 681 1610 οὐδεὶς
704 1541 793 1617 ἄλλος
816 1542 1051 1630 marapetinum,
1074 1544 1122 1606 nui
1142 1547 1191 1621 viu

150 1643 240 1730 τύχηι
261 1645 462 1730 &taphnim
507 1643 571 1710 Sed
593 1644 708 1731 procul
732 1646 816 1710 abest
837 1643 1022 1732 hujusmodi
1042 1644 1191 1710 confeffio

152 1746 195 1835 ah
210 1745 282 1810 illa:
299 1746 398 1833 hujus
412 1747 544 1826 candor,
559 1748 600 1812 ab
615 1747 701 1812 illius
716 1747 885 1812 dedecore.
915 1750 959 1813 Et
969 1747 1084 1813 Cicero
1093 1747 1192 1835 longe
1318 1750 1322 1761 '

99 1906 104 1915 .
152 1848 305 1913 diversam
325 1849 474 1914 Isocratis
489 1850 655 1935 personam
670 1872 708 1915 ac
722 1849 924 1915 -seneciutem
944 1849 1102 1936 proditio
1126 1849 1192 1914 Ca·

153 1966 231 2017 tone
253 1950 335 2038 Maj.
356 1953 404 2016 V:
435 1950 493 2038 Est
517 1952 606 2015 etiam
630 1952 726 2040 quieta
749 1964 777 2016 et
799 1968 874 2040 pura
896 1964 925 2015 et
950 1951 1100 2039 eleganter
1117 1960 1195 2017 acia

154 2053 258 2119 aetatis
267 2052 392 2140 placida
414 2077 449 2117 ac
468 2052 543 2117 lenis
552 2048 709 2141 sanctius:
731 2053 847 2141 qualem
868 2054 1028 2142 accepimus
1050 2052 1195 2134 Platonis,
1335 2063 1340 2073 “

156 2156 208 2244 qui
224 2179 281 2219 uno
301 2167 331 2219 at
352 2157 516 2243 aflagestrno
535 2180 613 2221 anno
623 2157 759 2245 scribens
777 2169 908 2220 mortum
926 2156 982 2242 est:
1003 2154 1120 2244 qualem
1133 2157 1196 2246 Iso-

155 2258 256 2336 cratis,
278 2258 330 2347 qui
348 2282 412 2323 eum
431 2257 555 2347 librum,
576 2261 627 2348 qui
643 2261 884 2337 Panathenaicus
900 2252 1195 2349 inscribiturjqnarto

153 2372 182 2423 at
201 2361 385 2449 nonagefimo
406 2386 482 2426 ariao
493 2363 644 2451 scripfiffl
665 2363 785 2442 dicitur,
808 2363 943 2452 vixitque
962 2361 1193 2451 quinquennium

150 2463 258 2551 postea.
305 2465 397 2553 anm
418 2465 557 2554 magister
574 2465 737 2530 Leontinus
758 2465 887 2552 Gorgias
908 2475 1022 2528 centum
1041 2475 1071 2527 et
1079 2465 1193 2552 septem

154 2566 307 2654 complevit
319 2590 422 2648 annos,
436 2592 530 2656 nequa
548 2578 688 2655 uinquam
707 2568 740 2632 in
747 2569 806 2656 suo
814 2567 914 2654 studio
932 2579 1022 2655 atqua
1036 2582 1119 2655 opere
1133 2567 1194 2654 cas·
1280 2562 1282 2567 ’

143 2669 254 2756 savit.-
276 2669 329 2756 qui
347 2694 438 2756 quum
458 2694 494 2734 ax
511 2694 542 2733 aa
557 2681 751 2759 quaereretur,
774 2693 826 2733 cur
846 2681 907 2733 tam
926 2669 979 2733 dia
991 2667 1082 2734 uellet
1096 2670 1150 2756 effe
1162 2669 1195 2732 in

153 2771 248 2836 vita?
270 2778 294 2812 “
305 2771 396 2834 Nihil
407 2773 508 2851 babeo,
522 2773 631 2860 inquit,
640 2774 722 2861 quod
730 2772 1074 2937 inadtsamsenebiuteml’
1105 2773 1195 2836 Pra-

155 2873 270 2938 clarum
297 2874 457 2961 responsum
479 2886 508 2937 at
529 2876 608 2938 docio
629 2875 741 2938 homine
784 2877 909 2961 agnum!
917 2875 983 2961 sun
1005 2873 1081 2937 enim
1095 2873 1193 2957 vitia,
1290 2892 1294 2896 ’

157 2978 285 3065 atsuam
304 2976 419 3064 cralpm
439 2977 472 3042 in
482 2978 663 3061 senefiutcm
680 2975 859 3060 conserua&
886 2977 968 3041 Haec
983 2975 1121 3040 scribens
1136 2975 1196 3040 Ci-

157 3101 243 3160 cero,
263 3079 283 3144 fi
302 3094 370 3145 tam
387 3078 531 3145 diffimile
545 3079 684 3168 magistri
699 3101 737 3144 ac
752 3078 898 3166 discipuli
917 3079 1097 3164 responsum
1113 3099 1194 3166 cog·

157 3181 261 3246 nitnm
282 3180 451 3261 habuiffet‚
468 3205 532 3247 non
552 3180 816 3268 praetermiffurus
831 3180 946 3246 fuisset.
984 3180 1121 3267 ‘Gorgiae
1134 3201 1195 3268 ge·

157 3283 245 3348 mina
266 3283 307 3349 de
329 3283 393 3349 hoc
415 3298 609 3372 argumento
627 3282 713 3348 dicta
731 3283 861 3376 exstant·
869 3282 900 3346 in
924 3281 1045 3348 Stoboei
1060 3281 1144 3347 Flor.
1160 3304 1194 3370 p.
1271 3272 1275 3282 ’

157 3389 232 3451 600.
277 3387 421 3452 Omnino
446 3386 518 3452 haec
542 3400 613 3452 tota
640 3385 802 3452 Plutarchi
827 3385 867 3451 de
894 3385 1032 3451 Isocrate
1057 3385 1196 3451 narratio

158 3487 298 3576 iniquior
312 3502 345 3554 et
359 3489 463 3577 magis
478 3489 637 3565 rhetorica
652 3511 750 3576 quam
763 3487 908 3553 historica
921 3487 1042 3553 censeri
1056 3488 1163 3552 dehet.

200 3609 277 3677 350.
292 3593 337 3656 D.
351 3596 381 3656 ori
395 3597 453 3678 γὰρ
468 3597 572 3657 ἀκονῶν
587 3593 619 3657 ri
632 3581 850 3674 ξίφος-φωνῆεν
864 3591 990 3674 φωνήεντι
1004 3592 1193 3677 συγκροῦσαι]

160 3692 249 3788 Soita
268 3706 302 3757 et
321 3693 483 3759 venustula
505 3694 694 3781 descriptio:
718 3693 812 3782 cujus
827 3693 920 3780 copia
934 3707 969 3758 et
982 3692 1129 3776 exempla
1142 3693 1196 3757 fu·

158 3796 212 3861 isse
234 3795 395 3875 videntur,
419 3797 535 3883 partim
557 3797 591 3861 in
612 3796 837 3883 Aristophane,
852 3794 966 3882 partim
983 3794 1015 3858 in
1031 3793 1195 3861 rhetorum

157 3899 263 3966 libris:
280 3897 367 3963 illius
380 3899 413 3964 in
430 3901 606 3979 Lamacho,
622 3899 766 3964 Acham.
783 3916 1006 3989 1070-1140.
1049 3896 1198 3983 Agatho-

159 4026 212 4083 ne,
227 4001 459 4088 'l'hesmophou
467 4018 573 4087 57-7
576 4022 609 4087 5.
625 4002 681 4067 ubi
692 4000 790 4066 nimia
801 3999 955 4065 orationis
965 3998 1197 4086 componenda
1298 4024 1303 4033 ·

142 4103 383 4191 poliendaeqne
409 4126 486 4169 cura
512 4126 586 4169 cum
613 4103 693 4169 fabri
721 4125 819 4190 opere
845 4114 1068 4189 comparatur:
1097 4101 1198 4166 veluti

160 4207 263 4293 ipsum
287 4202 459 4272 Isocratem
482 4220 574 4273 notat
593 4206 765 4294 Dionyfius
783 4205 890 4272 Halia.
905 4207 958 4271 De
972 4205 1015 4271 Vi
1028 4202 1196 4270 Demosth.

159 4329 192 4391 4·
208 4332 240 4398 p.
255 4327 336 4394 270:
360 4310 514 4400 anagnini
528 4311 555 4376 δὲ
569 4313 596 4375 ἒν
610 4311 647 4385 οἷς
660 4309 809 4398 οὖροιΐζιτιιί
821 4334 900 4391 am,
914 4309 976 4384 τοὺς
990 4305 1110 4407 Γοργίου
1131 4307 1197 4370 na·
