2714 4770
249 372 290 431 60
388 369 429 430 D.
448 368 497 429 W.
518 365 716 429 ANIMADV.
737 367 783 428 IN
802 365 1037 429 PLUTARCHI
1055 368 1135 429 LIB.

246 528 334 619 porie
345 525 488 618 angustia
501 527 660 594 concessit.
703 528 789 592 Nem
805 526 893 614 quod
907 528 1151 615 speraveramus,
1162 526 1282 594 lehorie

246 630 377 720 aliquod
398 631 541 696 levamen
557 629 591 694 in
604 629 668 694 hoc
681 628 790 695 libello
804 629 896 696 nobie
911 629 1060 695 allaturas
1081 628 1282 695 eruditiffimi

246 736 304 802 viri
320 732 488 803 Christiani
510 732 615 798 Gottl.
634 732 857 815 Wernsdorfii‚
880 732 1061 813 Professoris
1083 732 1281 800 Helmstadi-

244 837 336 918 enus,
357 834 612 902 commotiones
627 835 671 898 od
682 834 841 901 Plutarchi
858 832 1036 922 Quoesticnes
1051 835 1199 900 Groeces:
1221 832 1281 899 ha·

246 961 318 1006 rum
340 937 446 1004 adhuc
465 959 530 1003 non
551 935 606 1002 niti
625 937 758 1002 Primam
778 937 926 1017 vidimus,
944 960 1029 1002 anno
1051 935 1283 1004 MDCCXCV

246 1039 379 1118 editam,
391 1038 517 1127 paginis
531 1037 744 1127 quadraginta
757 1051 791 1105 et
804 1061 919 1105 novem
938 1039 1050 1104 forme
1065 1051 1200 1127 quarte,
1216 1050 1282 1103 trec

246 1142 368 1231 priores
381 1139 579 1230 Quaestionee
594 1141 797 1209 tractantem.

95 1292 106 1313 .
289 1263 324 1329 p.
340 1261 414 1330 291.
427 1243 468 1308 Ε.
482 1241 537 1327 e'.]
560 1241 706 1309 Nomina
722 1254 756 1308 et
773 1241 843 1308 aliie
857 1240 993 1323 Grecis,
1008 1239 1113 1306 aliisve
1124 1239 1158 1306 in
1175 1241 1282 1322 rebus,

246 1342 411 1411 adhibita:
441 1344 571 1431 Ἀρήιαι
595 1343 803 1432 Argivorum,
829 1342 999 1409 memorati
1020 1342 1215 1431 Thucydide
1238 1344 1281 1410 V.

244 1461 309 1531 47:
332 1443 467 1532 iu'hpyu
480 1446 508 1509 ii
520 1451 536 1525 ἡ
547 1447 646 1527 βουλὴ,
661 1448 710 1512 eet
724 1451 748 1510 ci
762 1445 939 1532 ὀγδοήκοντα,
952 1445 1001 1509 nai
1014 1450 1039 1510 ci
1052 1446 1179 1532 ιἰςιύνεει.
1209 1445 1282 1510 He·

114 1568 122 1639 ἶ
244 1543 390 1632 sychiuss²
412 1545 556 1636 'Afrum'
582 1545 689 1636 ἅρχων·
713 1546 771 1613 ubi
793 1545 960 1612 videantur
981 1546 1184 1633 interpretes.
1229 1545 1283 1611 Sic

244 1648 352 1736 tigrim
372 1647 460 1735 apud
480 1649 624 1736 Etymol.
645 1650 697 1714 M.
717 1651 819 1715 Voce.
838 1648 1004 1715 Theffalue
1022 1649 1081 1714 Or.
1096 1647 1137 1717 de
1151 1647 1284 1735 Hippo.

245 1765 334 1818 crate
353 1752 386 1817 in
406 1751 503 1840 hujus
517 1753 604 1840 Opp.
620 1751 699 1817 edit.
716 1751 866 1818 Cherter.
882 1753 922 1817 T.
939 1753 968 1816 I.
983 1773 1017 1839 p.
1035 1753 1067 1816 6.
1082 1751 1130 1815 B:
1152 1755 1202 1830 τὴν
1214 1753 1284 1830 βου·

244 1858 392 1934 hirocinii
406 1854 530 1943 ἥςτνσεν·
543 1854 682 1942 sentum
694 1854 784 1941 ifficm
797 1852 948 1939 constituit.
992 1852 1114 1918 Eadem
1129 1851 1176 1917 vie
1190 1853 1235 1919 est
1249 1853 1283 1918 in

246 1955 420 2044 καταρτόειν·
443 1954 565 2043 dequo
585 1955 722 2021 diximus
741 1976 776 2043 p.
796 1957 850 2043 38.
863 1957 907 2021 D.
950 1954 1106 2019 Κονιπίδων
1127 1955 1210 2020 ratio
1231 1955 1283 2020 in·

246 2059 405 2148 telligitur
425 2081 465 2125 ex
485 2058 735 2145 compositione:
767 2057 863 2123 aliem
889 2056 1149 2146 significationem
1170 2058 1285 2144 generis

245 2160 416 2240 calceorum,
424 2158 574 2223 adferunt
588 2158 702 2224 Suidas
714 2170 748 2223 et
758 2157 985 2246 Etymologus.
1008 2156 1136 2223 Plenius
1150 2157 1207 2223 dat
1216 2160 1285 2225 Vc·

247 2275 314 2328 net.
335 2261 413 2335 Τίνες
434 2265 459 2324 oi
478 2259 635 2347 'Fatinipp
656 2286 686 2323 κ.
732 2259 801 2324 Post
815 2258 971 2342 πολίτευμα
985 2262 1013 2325 Ε
1026 2259 1126 2325 habet
1145 2260 1284 2348 spatium

246 2363 344 2430 unius
365 2360 471 2442 verbi;
493 2362 566 2427 saue
585 2360 741 2427 sententie
761 2361 915 2436 desiderat
936 2362 1058 2450 ἔχοντες,
1079 2363 1130 2429 vel
1150 2362 1284 2448 νέμοντες·

245 2462 294 2530 vel
309 2460 418 2528 simile.
1015 2492 1017 2496 ·

290 2585 363 2652 291.
378 2565 419 2629 E.
434 2562 464 2646 β’
466 2565 491 2650 .]
515 2565 592 2630 Huc
613 2564 753 2653 pertinet
775 2564 967 2654 Hesychius,
992 2565 1194 2649 Ὀνιβόστιδες·
1224 2569 1284 2632 ὀνι-

245 2670 366 2753 finitrius·
382 2672 412 2732 ai
425 2669 468 2732 ini
481 2666 598 2756 μοιχείᾳ
611 2670 732 2733 ἁλοῦσαι
744 2672 885 2755 γυναῖκες,
896 2669 944 2732 καὶ
959 2672 1141 2756 ἐξενεχθῆναι
1153 2671 1196 2733 ἐπὶ
1209 2668 1285 2737 ὄνων.

245 2772 312 2840 Ubi
333 2771 473 2860 primum
491 2771 683 2837 vocabulum
699 2793 864 2860 perperam
878 2771 1026 2838 additum
1040 2771 1176 2838 videtur.
1219 2778 1285 2838 No·

246 2877 363 2965 κτερννός
383 2873 524 2962 σύλλογος
545 2873 628 2941 alius
648 2898 669 2941 a
689 2875 820 2942 Platone
842 2873 1022 2941 celebratur
1042 2875 1125 2962 Leg.
1145 2875 1227 2940 XII.
1248 2895 1285 2962 p·

245 2981 322 3066 696.
344 2980 389 3044 G.
424 2976 576 3066 Epinom.
595 2977 652 3043 fin.
673 2993 748 3064 705.
767 2977 809 3043 Ca
828 2977 967 3066 indeque
983 2978 1173 3044 Plutarchus
1187 2979 1285 3067 Sym·

245 3081 314 3170 pos.
327 3081 407 3149 VII.
421 3101 456 3166 p.
471 3095 547 3164 714.
561 3078 601 3144 C.
616 3093 648 3144 et
664 3077 729 3145 elii.

289 3204 323 3270 p.
343 3200 418 3268 292.
438 3183 483 3245 A.
504 3179 562 3266 7.]
594 3178 756 3266 Scriptum
779 3180 819 3246 eb
840 3179 972 3246 anhore
994 3178 1101 3246 dicam
1121 3183 1199 3266 παρὰ
1223 3178 1295 3249 Su·

96 3349 106 3363 .
245 3291 338 3364 λεῦσι,
351 3283 401 3349 vel
414 3285 492 3370 παρὰ
509 3281 633 3357 Sonitu·
656 3283 740 3370 opud
753 3281 892 3371 Salenses.
936 3284 1023 3348 Nem
1038 3283 1058 3348 fi
1073 3281 1192 3348 inurbc
1207 3282 1287 3349 Solis

246 3385 386 3472 volebat,
405 3385 566 3475 scripfiffet
583 3389 609 3452 iv
626 3383 738 3489 Σόλοις.
781 3386 940 3455 Videatur
953 3386 1137 3474 Stephanus
1151 3388 1234 3476 Byz.
1250 3385 1285 3453 in

246 3491 364 3682 vicii.
378 3595 421 3660 A.
437 3591 486 3680 i‘.]
511 3595 650 3678 Ἀφεστὴρ
668 3593 793 3659 fortaffe
806 3592 911 3660 dietus
925 3593 961 3658 fit
971 3593 1092 3681 smtfim
1096 3591 1218 3681 sedens,
1235 3591 1288 3661 vel

235 3692 472 3788 farfensium,
486 3695 528 3761 ab
542 3695 688 3780 ἀφέξεσθαι
702 3695 752 3761 vel
766 3701 931 3780 ἂφεστᾶνεν·
948 3691 1040 3759 fimili
1057 3693 1182 3760 ratione
1196 3694 1287 3777 ἀμνή-

111 3816 120 3841 “
244 3822 336 3882 pens,
354 3797 576 3887 consedentes,
590 3795 642 3862 vel
656 3819 719 3860 una
732 3806 893 3876 manentes,
911 3794 997 3882 quufi
1019 3795 1155 3879 ν’μῆμινες
1167 3795 1210 3860 ab
1222 3791 1288 3881 cipe

244 3899 337 3984 ἧσθαι,
352 3898 401 3966 vel
414 3899 689 3985 ὅςνενῆμινες,βνιινί
701 3910 862 3980 monentes,
877 3897 910 3962 in
923 3922 1015 3963 unum
1027 3897 1213 3986 congregati.

290 4019 365 4088 292.
379 4002 418 4067 B.
434 4001 481 4086 ἡ]
498 4002 682 4067 Memorato
695 4023 745 4066 rec
760 4001 853 4088 supra
862 4021 897 4088 p.
912 4016 986 4087 277.
1000 4001 1039 4066 B.
1054 4001 1173 4090 Quaest.
1188 4001 1286 4067 Rom.

246 4101 367 4293 'aiom
382 4205 422 4270 B.
437 4203 490 4291 52]
509 4206 594 4291 Κρνθὴ
607 4202 777 4286 hordeum,
792 4202 1041 4291 antiquiffimum
1057 4203 1211 4272 frumenti
1223 4226 1284 4294 ge·

249 4328 320 4403 nuc,
335 4304 412 4374 teste
426 4304 530 4375 Plinio
544 4309 591 4376 H.
605 4308 651 4377 N.
667 4308 797 4376 XVIII.
815 4326 867 4391 14.
887 4306 945 4377 ubi
965 4306 1120 4377 videndus
1138 4305 1285 4376 Herdui·
