2714 4770
206 278 265 401 373
347 325 387 384 u.
408 326 456 384 w.
478 326 744 386 numanum
766 326 1002 388 rcuuaucur
1027 327 1118 387 uu.

207 484 291 548 circa
313 484 539 572 Olympico.
585 487 618 550 ls
639 485 721 552 adeo
743 485 811 551 'fuit
842 486 996 566 crudelia,
1031 502 1076 552 ut
1104 486 1229 574 paffim
1256 509 1275 552 a

208 584 413 671 scriptoribus
426 599 521 652 ⁰cunr
543 588 709 653 Phalaride
722 587 948 676 conjungatur,
964 601 999 653 et
1018 588 1055 653 in
1076 589 1275 675 exemplum

208 689 385 774 tyrannica
408 690 533 755 saevitiae
555 706 763 777 proponatur.
806 692 838 757 J.
859 691 983 777 Lipsius
1007 691 1058 756 ad
1081 694 1213 757 Senec.
1235 694 1276 758 lr.

207 793 246 855 L.
262 793 307 856 II.
322 808 356 877 5.
376 793 410 856 h.
425 794 447 858 l.
462 816 520 880 pro
535 794 649 862 Σκυδῶν
663 795 824 882 corrigere
837 793 1126 875 voluit,·ruorr'oor,
1141 820 1165 859 o
1180 796 1276 860 corio·

206 894 272 974 riis,
294 896 483 962 cerdonibus:
506 904 567 961 “et
588 897 612 962 ii
630 922 713 977 nero,
733 898 791 976 ait,
799 896 941 984 fidebant
949 896 1052 986 pelles
1070 898 1274 962 detrahere.'’

205 997 374 1062 Levill'una
393 1001 471 1064 sane·
488 999 531 1064 est
552 1000 646 1065 ratio.
691 1002 778 1067 Nam
800 999 903 1086 primo
920 999 1082 1088 quidem,
1102 1001 1176 1065 hoc
1191 1000 1276 1066 seusu

207 1101 396 1167 Plutarchus
411 1102 548 1187 γναφίων,
562 1102 767 1189 afhllonibus,
785 1102 943 1188 posuisset.
980 1102 1132 1168 Deinde
1149 1125 1218 1168 non
1234 1104 1275 1167 vi·

206 1203 281 1283 deo,
305 1227 404 1290 quare
428 1205 542 1269 Σκυθῶν
564 1228 661 1293 quem
686 1205 841 1271 offendat.
884 1205 1101 1292 Scytharum
1130 1206 1225 1272 enim
1245 1218 1274 1270 et

204 1307 283 1372 saeva
297 1307 359 1372 fuit
376 1329 458 1394 gens
472 1321 506 1372 et
521 1307 713 1373 Cassandria
735 1307 883 1388 finitima,
898 1329 1003 1394 aqua
1018 1308 1093 1374 fine
1111 1309 1220 1375 dubio
1234 1308 1274 1374 ti·

204 1432 292 1474 mere
305 1409 360 1473 srbi
372 1424 522 1496 potuerat
535 1411 768 1498 Apollodorus.
780 1410 857 1477 tud.
871 1422 1042 1528 praeterea
1055 1415 1095 1478 J.
1108 1414 1272 1478 Davitiuur

203 1513 244 1577 ad
265 1513 414 1578 Ciceron.
437 1515 482 1578 N.
501 1514 547 1578 D.
567 1516 605 1578 L.
623 1516 685 1578 111.
699 1536 729 1579 c.
744 1534 799 1600 33.
822 1513 902 1579 etin
921 1512 1150 1600 primisNic.
1169 1515 1271 1582 Heiu-

97 1598 195 1674 56
204 1613 282 1678 sium
299 1615 340 1679 ad
355 1615 450 1680 Ovid.
465 1637 504 1680 ex
521 1617 623 1680 Ponto
640 1617 685 1680 ll.
699 1638 733 1702 9
748 1635 803 1701 43.
820 1613 874 1700 qui
891 1615 1029 1702 tyranni
1047 1615 1164 1705 hujus
1179 1618 1270 1682 hillo·

203 1712 294 1805 riam
301 1715 382 1782 adeo
398 1716 562 1783 luculente
578 1716 735 1796 tractavit,
750 1731 788 1782 ut
802 1715 845 1780 nil
861 1715 955 1802 supra
972 1715 1058 1782 addi
1061 1719 1176 1804 po,ll‘e
1190 1719 1270 1785 vide·

202 1801 286 1883 atur.
288 1821 426 1900 —Mox,
447 1825 503 1896 τοῖς
524 1819 639 1903 σώμασι
654 1820 750 1906 κύκλῳ
768 1820 829 1907 τςφδ
837 1815 926 1883 αίτδν
944 1820 1203 1908 τοςιτφηςοιίσας,
1217 1823 1269 1888 ab·

199 1919 332 1986 suntab
349 1922 440 1988 Harl.

243 2038 320 2109 555.
336 2025 375 2088 B.
391 2023 550 2112 Ἷτταςχον
565 2024 652 2088 δδτδν
670 1982 891 2112 Πεισιστςοίτου,
910 2022 1016 2109 μιιφδν
1036 2023 1257 2111 {perparuo
1225 2054 1268 2105 ης

199 2132 340 2206 τιλεοτῆς,
356 2127 427 2209 calpa
441 2130 709 2210 τφοσβαλοῦσαν’
675 2132 751 2214 αυτῷ
765 2132 813 2206 τὴν
826 2127 991 2212 Ἀφροδίτην
1012 2132 1049 2191 δα
1071 2132 1153 2206 τινὸς
1172 2132 1267 2215 φιάλας

66 2297 69 2303 ,
198 2229 264 2315 πρὸς
275 2255 307 2291 τι
295 2231 474 2318 τςίσιυτιν]
493 2229 591 2295 Aliud
603 2192 762 2295 somniuln
776 2229 1008 2317 Hipparchum
1022 2230 1162 2315 vidisse,
1176 2235 1265 2302 noste

200 2347 373 2419 antequam
399 2332 613 2410 occideretur,
638 2332 736 2397 refert
761 2330 963 2397 Herodotus
978 2333 1021 2397 L.
1048 2335 1103 2401 V.
1134 2358 1173 2424 p.
1196 2338 1264 2424 398.

192 2432 354 2521 Ἶτταρχον
375 2437 421 2497 τδν
442 2433 663 2520 Πεισιστράτου,
688 2432 802 2497 Ιττιίυι
825 2434 852 2496 δὲ
875 2459 924 2496 του
948 2433 1098 2518 τυράννου
1122 2441 1274 2522 blm

200 2535 290 2601 ίδοντα
303 2536 390 2614 οψιν’
380 2536 557 2602 ινυτνίουοι
517 2562 557 2621 τῳ
543 2541 676 2599 'tumori
690 2535 795 2599 ταθει’
785 2535 994 2620 τναργιστίιτην
1017 2537 1062 2620 (f.
1085 2542 1262 2626 ίμφεριπέ-

198 2641 276 2721 την),
296 2639 430 2705 κτείνουσι
447 2637 664 2727 Ἀριστογείτων
687 2639 734 2706 καί
754 2636 1044 2725 ιἈςςιο’διος-ί·1’
1002 2665 1061 2720 μεν
1078 2669 1128 2708 νυν
1144 2644 1262 2721 ὅψιςηό

196 2742 353 2828 Ἱττᾶφχου
376 2740 493 2806 ἐνυπνίου
515 2738 545 2818 ἦν
564 2742 619 2818 ἥδε·
643 2744 670 2802 ἐν
689 2739 856 2827 vinciar
876 2740 953 2802 νυκτί
967 2748 1035 2803 τῶν
1056 2747 1262 2825 Παναθηναίων

197 2843 284 2906 δδιίκεε
305 2841 491 2928 δ”Ιτταφχος
515 2841 598 2928 ἄνδρα
620 2847 644 2904 ol
665 2843 819 2907 ἐπιστάντα
839 2840 932 2927 με’γαν
952 2845 1004 2907 καὶ
1029 2847 1149 2912 εὐειδέα
1173 2848 1260 2914 αἰνίσ-

196 2949 294 3011 σισθαι
310 2948 377 3011 τάδε
390 2950 429 3010 τὰ
443 2947 520 3025 ἔτεα,

322 3054 409 3130 Τλῆδι
425 3053 495 3117 λέων
508 3051 619 3130 ἄτλητα
633 3050 725 3115 ταδυδν
737 3050 865 3128 τοτληὸτι
880 3052 968 3135 θυμῷ,

322 3157 420 3229 Οὐδείς
435 3155 581 3242 ἀνθρώπων
595 3157 696 3220 ἀδικῶν
710 3152 784 3219 τίσιν
797 3158 844 3218 οὐκ
863 3153 1005 3220 ἁτοτίσιι.

181 3256 307 3323 Simile
329 3257 357 3320 ei
381 3256 468 3343 quod
490 3256 525 3321 h.
544 3256 566 3321 l.
590 3268 695 3321 narrat
718 3256 919 3334 Plutarchus,
942 3260 1052 3324 matri
1081 3265 1261 3339 Phalaridis

193 3359 341 3447 obtigilse
363 3359 538 3438 ferebatur,
557 3373 595 3424 ut
616 3360 738 3425 constat
755 3382 793 3424 ex
814 3359 975 3424 Cicerone
992 3362 1164 3436 Divinat.
1180 3375 1221 3438 L.
1236 3374 1259 3436 l.

193 3484 225 3527 c.
241 3482 295 3548 23.
324 3463 462 3526 Matrem
478 3460 656 3526 Phalaridis
659 3461 767 3549 scribit
780 3460 921 3525 Ponticus
937 3461 1153 3553 Heraclides,
1169 3476 1260 3540 doaz

190 3566 253 3659 uir,
270 3566 390 3630 auditor
407 3576 435 3627 et
450 3562 610 3654 discipulus
625 3563 777 3642 Platonis,
791 3563 887 3651 visum
901 3564 957 3650 ff
969 3567 1144 3639 vider-ein
1151 3577 1259 3665 som

180 3668 348 3754 simulacro
362 3670 505 3748 Deorum,
524 3692 594 3756 quae
611 3667 670 3754 ipse
683 3666 829 3730 Phalaris
847 3666 924 3729 domi
939 3671 1210 3767 corfircravf'fferg
1230 3705 1260 3746 ῃ

192 3773 238 3836 his
255 3772 442 3837 Mercurium
456 3784 601 3859 epatero,
617 3793 706 3856 quam
721 3770 843 3833 dextera
863 3783 1113 3861 manuteneret,
1123 3785 1259 3874 sw-

191 3901 258 3941 nem
272 3878 369 3964 visum
384 3874 577 3964 effefundere
592 3887 657 3938 cet.

233 3996 310 4063 555.
326 3982 364 4044 B.
390 3977 557 4052 Παυσανίας
580 3977 607 4039 δὲ
630 3973 781 4052 Κλεονίκην
802 3976 828 4036 ἓν
848 3975 996 4066 Βυζαντίῳ
1020 3988 1172 4074 καρδίη,
1187 3997 1259 4058 tm.

467 4203 470 4207 ’
532 4205 542 4226 ·
559 4196 607 4244 Dio
619 4194 703 4256 Chrys.
714 4195 757 4244 Or.
769 4194 801 4242 ll.
812 4204 851 4243 os.
863 4194 892 4242 C.
