2714 4770
229 349 281 454 '70
381 363 490 435 uw.
512 375 708 435 1111111111.
730 366 1129 437 11111111111111111.

239 537 272 601 in
292 535 401 616 Creta,
418 535 477 602 IV.
493 549 526 620 5,
540 536 572 600 6.
586 534 697 623 attigit
710 535 849 629 Wallips
864 534 905 599 ad
917 533 1067 620 Thucyd.
1083 533 1111 599 Ι.
1126 535 1180 619 65.
1224 534 1278 600 De

239 645 357 725 ἀπαρχῇ
379 636 519 723 ἀνθρώπων
540 636 677 724 Delphis
699 636 799 717 atissa,
819 637 948 725 ejusque
968 635 1124 723 religione
1144 634 1278 702 subinde

241 743 278 808 fit
298 740 438 807 mentio:
462 764 492 804 v.
511 763 540 804 c.
561 738 722 806 Plutarch.
737 733 837 806 Thes.
857 740 879 804 l.
900 730 941 804 cf
960 739 1105 826 Euripid.
1129 738 1277 805 Phoeniss.

242 864 315 914 211.
351 841 505 928 Dionyfio
520 840 597 906 Hal.
616 844 642 905 Ι.
661 843 712 907 16.
728 842 794 907 illic
807 841 1038 908 Valckenarius
1053 842 1202 929 quaedam
1219 865 1278 908 no-

241 944 332 1024 tavit,
347 945 450 1010 citans
465 944 550 1008 idem
566 944 812 1032 Weffelingim
826 944 868 1008 ad
882 943 1018 1008 Diodor.
1032 942 1099 1008 Sic.
1114 944 1175 1009 IV.
1189 947 1246 1025 64.

39 1053 43 1061 “
279 1063 316 1134 'p.
337 1066 411 1133 299.
430 1046 473 1110 A.
494 1046 566 1130 λς’.]
595 1045 755 1111 Eumdem
779 1047 948 1134 Hymnum
973 1045 1126 1132 significat
1152 1045 1278 1112 Plutar-

241 1148 322 1214 chus
336 1151 389 1215 De
404 1147 484 1213 lfide
497 1160 531 1213 et
545 1147 634 1213 Ofir.
645 1169 678 1236 p.
694 1148 770 1234 364.
787 1149 822 1214 F.
843 1146 1020 1235 ταοςὸμοςφα
1039 1147 1172 1212 Διονύσου
1185 1156 1279 1212 ποιοῦ-

242 1276 286 1315 σιν
300 1251 463 1337 ἀγάλματα
485 1251 583 1314 πολλοὶ
603 1259 655 1314 τῶν
675 1250 827 1329 Ἑλλήνων·
850 1255 880 1314 αἶ
901 1249 928 1313 bi
945 1246 1067 1313 Ἠλείαν
1085 1253 1215 1335 γυναῖκες
1234 1251 1284 1313 nal

240 1357 451 1439 παρακαλοῦσιν
476 1351 636 1438 εὐχόμεναι,
659 1353 718 1416 ποδὶ
740 1351 822 1439 βοιῖορ
844 1352 890 1415 τὸν
911 1350 967 1416 θεὸν
988 1343 1158 1438 ἔλθοῖννπρὸς
1181 1349 1280 1424 αὐτάς.

243 1452 282 1516 ln
295 1453 437 1518 carmine
451 1455 538 1520 Vols.
556 1478 620 1520 non
636 1455 734 1521 habet
748 1456 833 1539 οἱγνδν
847 1456 897 1518 σὺν
907 1445 1076 1542 χαρίτεσσιν
1091 1456 1117 1527 ἐς
1130 1453 1204 1517 ναὸν·
1223 1473 1281 1538 pro

241 1553 306 1618 θύοι
334 1555 425 1619 Mea.
449 1554 700 1620 1101111ιί16111ιῦ.
746 1556 882 1621 Fortasse
903 1554 1077 1642 rhythmus
1097 1551 1281 1640 hujusmodi

241 1656 323 1722 fuitz
344 1659 421 1721 ‘Eas
441 1659 510 1744 ἥρως
528 1656 770 1743 Διόνυσε-ἁγνὸν
791 1661 818 1732 ἐς
839 1659 1058 1742 subu-eiramis
1073 1657 1123 1720 σὺν
1137 1655 1283 1744 Χαρίτεσ-

240 1763 380 1846 ctu—aqi
400 1759 471 1845 βοέῳ
489 1761 548 1822 noll
564 1759 762 1838 βόσιν-Ἀἶα
777 1757 991 1846 ταῦρε’-Ἀξιι
1005 1765 1101 1846 ταῦρε.
1147 1756 1281 1844 Orphlcl

243 1862 367 1949 Hymni
390 1863 514 1927 XLIV.
536 1862 637 1927 fimile
657 1864 700 1928 est
722 1862 862 1941 initium,
884 1863 967 1925 Ἐλθέ
990 1846 1089 1948 ρᾶκαρ
1110 1860 1281 1925 Διόιοσι-.

241 1964 319 2029 Tale
338 1965 452 2031 festum
474 1965 626 2032 Eleorum
645 1966 795 2031 meminit
818 1965 983 2030 Pausanias
997 1964 1058 2031 Vl.
1075 1965 1127 2032 26.
1143 1962 1283 2050 indeque

241 2067 399 2132 Meurfius
414 2070 520 2134 Graec.
537 2073 608 2135 Fer.
624 2071 683 2136 tv.
701 2091 734 2157 p.
752 2072 826 2154 167.
862 2067 959 2133 Tauri
974 2067 1083 2155 imago
1097 2065 1284 2153 adjungitur

242 2170 383 2250 Baccho,
398 2175 474 2237 teste
489 2172 651 2237 Athenaeo
667 2173 711 2238 11.
727 2196 761 2260 p.
776 2193 831 2258 39.
848 2174 886 2236 E.
916 2169 1088 2236 Plutarcho
1101 2171 1153 2234 De
1165 2167 1238 2232 Ι6ιΙ.
1251 2180 1284 2232 et

242 2273 323 2338 061.
343 2274 420 2357 364.
437 2276 472 2337 F.
512 2273 721 2358 Euphorione
742 2296 796 2360 ap.
818 2271 928 2338 Schol.
951 2270 1045 2338 Arati
1064 2286 1136 2355 173.
1160 2284 1194 2334 et
1216 2268 1285 2334 aliis

242 2373 349 2439 citatis
369 2397 389 2437 a
409 2373 621 2461 Wesselingio
643 2374 685 2440 ad
706 2373 844 2440 Diodor.
867 2373 933 2438 Sic.
956 2374 1018 2437 lll.
1039 2372 1101 2452 64:
1124 2372 1283 2437 rationem

242 2488 334 2541 notat
356 2475 516 2540 Meurfius
538 2474 578 2540 ad
600 2477 765 2566 Lycophr.
784 2496 858 2564 209.
903 2475 978 2540 Alia
991 2497 1067 2538 cum
1081 2475 1164 2539 bove
1178 2474 1283 2538 affini·

242 2591 303 2658 tas,
323 2579 411 2665 quod
432 2578 555 2665 primus
568 2579 683 2643 bovem
698 2578 833 2664 arationi
847 2576 1066 2643 adhibendum
1083 2575 1232 2656 ostendit,
1246 2590 1285 2641 ut

223 2681 286 2763 ,ait
304 2679 405 2745 Diod.
427 2678 491 2745 Sic.
514 2681 536 2745 l.
554 2703 583 2745 c.
604 2682 692 2768 quod
712 2682 791 2746 item
813 2680 938 2760 Ofiridi,
958 2679 1051 2767 cujus
1071 2701 1191 2743 numen
1206 2700 1283 2741 cum

241 2783 361 2849 Bacchi
379 2784 511 2847 numine
530 2783 743 2871 conjunctum
760 2796 838 2862 erat,
852 2782 1004 2846 tribuitur
1017 2768 1101 2868 apud
1115 2779 1283 2846 Tibullum

178 2931 181 2934 -
243 2887 271 2950 l.
288 2902 320 2971 7,
338 2907 389 2971 29.
405 2885 461 2950 ubi
478 2885 661 2951 consulatur
677 2885 836 2974 Heynius.
871 2887 908 2948 ln
922 2886 954 2948 τὸ
970 2885 998 2946 δὲ
1014 2882 1181 2969 κερασφόρον
1195 2881 1285 2946 haud

243 2989 307 3053 scio
326 3011 366 3053 an
388 2990 460 3053 sana
481 2988 517 3053 fit
534 2988 643 3068 ledia,
657 3002 691 3053 et
705 2987 1002 3074 germana'scriptio
1018 2985 1173 3066 611111,τό
1188 2986 1216 3048 δὲ
1235 2981 1284 3047 κε’-

241 3117 302 3175 ρας,
324 3092 368 3151 διὰ
385 3088 416 3152 τὸ
439 3088 621 3172 κερασβόλον,
645 3089 809 3168 ἐπιβλαβές.
853 3090 905 3152 De
923 3088 986 3152 hoc
1006 3086 1073 3173 ipso
1094 3085 1304 3153 Plutarchus·

243 3189 389 3273 Sympos.
408 3189 487 3252 Vll.
505 3206 535 3251 2.
552 3210 584 3273 p.
600 3203 676 3272 700,
692 3187 821 3266 disserit,
836 3203 870 3251 et
884 3199 1114 3274 argumentum
1128 3184 1286 3272 explicuit

244 3288 459 3354 Ruhnkenius
476 3289 578 3354 noster
592 3289 634 3353 ad
646 3289 731 3354 Tim.
747 3292 830 3355 Voc.
846 3290 1040 3378 Κερασβόλοι.

286 3411 360 3477 299.
377 3392 417 3457 C.
433 3393 505 3476 λζ]
530 3392 738 3457 Poemandrus
752 3392 901 3458 conditor
914 3396 1069 3479 Tanagrae
1083 3391 1184 3456 fertur
1197 3387 1285 3476 apud

244 3494 426 3559 Pausaniam
450 3497 510 3559 IX.
536 3515 587 3565 20.
609 3495 697 3560 unde
718 3517 837 3559 nomen
858 3495 928 3559 urbi
949 3495 1011 3558 suit
1024 3493 1123 3558 etiam
1137 3493 1285 3555 Poeman·

241 3595 305 3659 dria
332 3597 408 3660 teste
432 3599 588 3663 Strabone
615 3600 675 3663 ΙΧ.
698 3620 731 3684 p.
754 3600 828 3682 619.
851 3598 891 3661 C.
918 3610 952 3661 et
973 3594 1187 3674 Poemandria,
1211 3595 1284 3660 Ste-

241 3697 350 3783 phano
375 3699 454 3786 Byz.
479 3699 511 3763 in
532 3698 683 3785 Ταιάγρα.
723 3701 761 3762 ln
785 3697 946 3763 Plutarchi
966 3697 1145 3761 narratione
1161 3691 1286 3782 aliquid

241 3799 443 3864 obscuritatis
458 3814 491 3864 et
503 3799 570 3864 vitii
586 3801 678 3865 inesse
693 3800 829 3865 videtur.
871 3803 914 3864 Et
926 3798 959 3863 iu
974 3799 1132 3885 principio
1144 3797 1286 3880 Ἐφίππου

241 3900 291 3964 bis
312 3890 461 3987 positum,
485 3903 534 3968 bis
551 3903 628 3967 item
650 3902 824 3967 delendum
841 3901 958 3966 dicam.
1005 3900 1106 3981 Prius,
1129 3899 1221 3988 quod
1242 3899 1287 3964 est

242 3994 318 4064 ante
335 4004 504 4088 Ἀκέστορα,
519 4003 621 4067 codex
635 4007 663 4067 E
677 4003 776 4067 habet
788 4002 937 4086 Ἔφιππον,
953 4002 1041 4068 unde
1055 4001 1184 4067 credam
1197 3999 1284 4066 anti·

213 4101 388 4188 'quiorem
415 4105 586 4170 leblionem
614 4105 703 4169 fuisse
726 4104 866 4184 Ἔφιππον
884 4105 899 4184 ἢ
918 4104 1089 4191 Ἀκέστορα,
1117 4117 1155 4169 111
1180 4103 1287 4190 prima

241 4206 307 4270 duo
322 4206 477 4300 vocabula
490 4231 510 4272 a
522 4207 649 4272 duobus
663 4206 788 4272 diversis
804 4208 1035 4274 correbloribus
1049 4208 1120 4272 6111.
1154 4206 1285 4295 Leucip-

238 4323 296 4397 pus
313 4306 542 4395 intelligendus
560 4312 603 4375 est
624 4309 705 4375 filius
723 4309 914 4400 'Polycrithi
958 4313 1000 4375 Et
1015 4310 1047 4375 in
1062 4317 1156 4375 seira
1172 4309 1285 4396 εἰσάγον
