2714 4770
242 343 244 347 ’
286 352 344 412 Dll
363 352 482 412 ALEX.
502 353 546 412 M.
566 351 768 412 suntuna
789 353 1081 431 01³.1.p.328.1>.
1151 374 1205 433 ¹¹³

166 528 228 596 pro
247 509 297 574 his
314 509 473 577 libarenas
492 511 672 579 nominans.
716 509 839 577 Similia
856 511 1007 599 legantur
1022 513 1111 599 apud
1122 513 1206 579 Dio·

166 633 287 698 genem
304 613 409 678 Laert.
424 614 483 678 tx.
497 613 550 699 83.
575 598 710 677 Sextum
720 612 845 698 Empir.
861 613 1016 700 Pyrrhon.
1031 616 1121 702 Hyp.
1140 616 1204 680 Ill.

169 730 245 779 210.
282 714 448 779 AElianum
469 716 547 780 Var.
570 714 653 779 Hist.
677 715 737 780 IV.
757 734 785 778 1.
805 714 862 779 ubi
875 714 1000 780 videndi
1014 713 1205 803 interpretes

107 868 115 883 .
167 815 331 881 Fabricius
342 829 375 881 et
391 815 589 882 Perizonius:
613 828 684 880 tum
696 839 769 882 vero
784 817 957 904 Menagius
970 818 1011 882 ad
1022 818 1122 906 Diog.
1137 822 1202 885 La-

165 907 229 983 ert.
245 919 307 984 Vl.
323 936 375 1005 79.
414 917 798 984 Persarum-matrimonia
811 941 887 983 cum
901 920 1057 986 matribus
1072 921 1203 988 subinde

166 1033 405 1108 memorantur:
429 1043 462 1085 v.
477 1043 506 1086 c.
525 1021 669 1109 Diogeni
687 1021 816 1087 laertio
837 1024 960 1088 Prosm.
976 1042 1008 1108 7.
1022 1025 1083 1089 IX.
1098 1025 1151 1110 83.
1171 1037 1204 1090 et

166 1124 324 1211 Menagio
344 1123 462 1189 citatis.
506 1124 606 1191 Dioni
628 1125 744 1213 Chrys.
764 1125 821 1191 Or.
839 1127 882 1190 X.
903 1149 937 1213 p.
955 1143 1027 1212 15ο.
1043 1128 1088 1193 D.
1134 1126 1201 1192 Co·

167 1225 245 1291 noni
273 1227 401 1291 Narrat.
428 1227 489 1291 IX.
516 1225 571 1290 fin.
597 1249 631 1314 p.
654 1245 728 1311 252.
772 1228 869 1293 Sexto
893 1229 1016 1316 Empir.
1043 1230 1201 1316 Pyrrhon.

165 1327 258 1414 Hyp.
275 1328 302 1392 l.
322 1346 394 1413 152.
418 1328 481 1392 III.
497 1344 571 1413 205.
592 1326 648 1393 ubi
671 1326 834 1414 utriusque
856 1329 1025 1416 Scriptoris
1045 1331 1220 1418 interpres·

164 1429 320 1495 Schottus
334 1444 369 1495 et
383 1430 558 1510 Fabricius,
573 1443 612 1495 ut
627 1429 798 1495 Brilsonius
812 1432 864 1497 De
880 1435 960 1520 Reg.
975 1434 1057 1499 Pers.
1068 1435 1114 1499 ll.
1128 1450 1199 1521 155.

164 1530 244 1596 alios
258 1532 356 1596 etiam
375 1533 467 1597 testes
484 1531 659 1620 appellant.
702 1534 755 1598 Ne
770 1556 843 1599 vero
858 1535 929 1620 quis
944 1550 1038 1621 putet
1051 1535 1124 1602 illos
1140 1559 1200 1623 po-
1325 1534 1328 1543 ¹

161 1633 258 1719 pulos
279 1633 312 1698 in
337 1633 459 1721 Graecis
478 1636 519 1699 ab
536 1632 720 1700 Alexandro
739 1634 871 1700 investis
886 1636 1035 1702 institutis
1048 1659 1199 1724 pennan-

162 1733 247 1814 fisse3
272 1758 347 1801 nam
367 1737 519 1824 antiquos
540 1759 646 1803 mores
665 1751 698 1802 et
716 1737 836 1824 patrios
852 1737 907 1803 alii
927 1739 1040 1825 partim
1056 1740 1197 1806 retinue-

161 1851 249 1917 runt,
273 1837 328 1921 alii
351 1839 578 1924 repetiverunt,
604 1838 693 1925 quod
711 1852 745 1903 et
768 1838 898 1904 aliunde
920 1840 1090 1928 colligitur,
1104 1855 1137 1907 et
1159 1866 1198 1910 ex

161 1939 380 2025 Scriptoribus
400 1941 506 2005 citatis
521 1941 705 2006 Alexandro
719 1941 954 2027 posterioribus,
967 1944 1024 2029 qui
1038 1944 1111 2009 illos
1123 1968 1196 2010 mo-

160 2061 212 2104 res
227 2054 265 2105 ut
279 2041 334 2105 sua
347 2040 454 2109 adhuc
469 2054 564 2107 aetate
579 2041 612 2106 in
628 2042 688 2107 illis
705 2042 832 2130 populis
846 2044 975 2109 usrtatos
990 2046 1143 2110 referunt.

134 2141 138 2155 ²
204 2143 281 2228 328.
303 2142 347 2207 D.
373 2144 709 2229 Καρνεάδου-Διογένη
736 2146 782 2209 ris
806 2145 996 2232 Βαβυλώνιον]
1030 2147 1195 2235 Frigidum

159 2245 235 2310 sane
257 2257 483 2332 argumentum
501 2268 561 2312 nec
579 2246 633 2311 uili
651 2245 892 2313 declamationis
914 2247 1044 2314 licentia
1065 2251 1195 2317 excusa-

158 2345 246 2412 biles
270 2347 354 2434 quasi
378 2369 451 2412 vero
473 2346 754 2435 Carthaginienses
775 2361 810 2413 et
829 2348 1000 2437 Babylonii
1022 2349 1077 2415 ills
1098 2365 1194 2420 aetate

159 2447 217 2513 seri
231 2463 264 2514 et
276 2450 422 2537 agrestes,
437 2471 475 2515 ac
490 2472 554 2522 non
563 2449 768 2515 'humanitate
787 2463 822 2516 et
838 2451 960 2517 artibus
973 2453 1102 2534 exculti,
1119 2456 1191 2520 fue·

157 2547 233 2615 rint.
278 2552 314 2618 In
342 2551 491 2647 Diogene
512 2551 609 2618 ctiam
630 2551 776 2620 bifariam
798 2553 931 2619 falsum:
955 2555 1095 2639 primum
1117 2569 1190 2621 tem-

152 2665 236 2739 pore,
259 2654 347 2740 quod
364 2655 391 2719 is
410 2676 466 2741 per
488 2668 617 2720 etatem
639 2677 704 2719 noo
727 2652 834 2740 potuit
854 2654 916 2719 esse
937 2655 1078 2721 Zeoonis
1097 2656 1191 2721 disci·

156 2756 265 2842 pulus‚
284 2756 403 2844 quippe
422 2770 515 2823 natus
536 2756 663 2823 circiter
682 2755 796 2844 viginti
813 2757 904 2822 annis
921 2758 989 2843 post
1006 2756 1104 2843 hujus
1118 2759 1190 2824 obi-

156 2870 241 2935 tum,
257 2869 294 2923 ut
307 2851 463 2922 ostensum
478 2858 509 2922 in
529 2856 755 2943 Disputatioue
777 2858 829 2921 De
851 2855 992 2921 Panaetio
1005 2878 1039 2942 p.
1054 2861 1191 2942 13-16.

156 2955 274 3042 deinde
295 2957 365 3038 loco,
388 2958 475 3045 quod
495 2957 642 3046 Babylon
665 2971 744 3039 tunc
767 2955 831 3023 fuit
855 2956 1069 3039 florentissima
1090 2957 1190 3026 literis

156 3060 272 3124 Graeca
287 3061 364 3125 urbs
378 3059 533 3125 Seleucia.
572 3058 813 3125 Clitomachum
827 3058 931 3146 patria
945 3057 1191 3146 Carthaginien.

154 3161 232 3240 sem,
255 3160 385 3227 nomine
408 3161 652 3241 Hasdrubalem,
671 3160 804 3226 tradunt
822 3160 986 3247 Diogenes
1002 3162 1110 3227 Laert.
1128 3164 1186 3232 IV.

153 3267 207 3347 67.
223 3277 257 3329 et
271 3262 360 3329 citati
373 3264 414 3329 ad
429 3286 505 3329 eum
520 3263 628 3329 locum
642 3263 684 3327 ab
698 3262 936 3349 interpretibus.

195 3365 271 3449 328.
286 3365 330 3428 D.
345 3364 496 3452 Σωκράτης
509 3366 560 3447 μὶν
572 3364 637 3442 ξένα
650 3364 830 3452 παῳισᾶγων
843 3365 980 3450 δαιμόνια]
997 3367 1045 3430 Ex
1055 3365 1121 3453 ipsa
1130 3369 1185 3434 ac-

151 3465 323 3532 cusationis
343 3466 482 3531 formula
500 3467 654 3545 sumtum,
673 3488 745 3554 quae
763 3466 806 3530 est
826 3466 911 3553 apud
931 3467 1184 3555 Xenophontem

150 3557 257 3636 Mem.
281 3569 368 3634 Socr.
391 3570 418 3632 l.
440 3590 470 3650 1,
493 3590 543 3647 1.Ι
567 3568 734 3635 Platonem
759 3568 857 3656 Apol.
884 3571 974 3635 Socr.
996 3590 1123 3657 p.=321.
1146 3574 1183 3638 F.

149 3671 252 3759 Diog.
280 3673 386 3735 laert.
413 3673 457 3735 ll.
479 3692 531 3756 14.
576 3673 614 3738 ln
640 3670 736 3759 hujus
759 3671 806 3737 rei
828 3671 991 3739 mentione
1016 3673 1184 3761 scriptores

149 3777 234 3838 καινὰ
249 3771 373 3855 δαιμόνια
386 3786 420 3837 et
432 3771 497 3851 ξένα
511 3772 689 3861 promiscue
705 3773 877 3860 usurpant:
892 3796 964 3860 quae
978 3775 1106 3860 proprie
1119 3774 1183 3839 dif-

149 3875 270 3954 ferunt,
290 3887 324 3939 et
345 3873 378 3967 in
399 3874 457 3939 sua
474 3873 546 3962 lege
567 3874 731 3962 distinguit
750 3875 866 3940 Cicero
885 3878 967 3962 leg.
989 3875 1034 3939 ll.
1050 3877 1086 3941 8:
1109 3901 1183 3942 neoc
1303 3926 1306 3934 .

149 3977 304 4062 swosscd
316 3999 366 4039 nec
379 3977 514 4040 advenas
527 3975 584 4062 nist
598 3976 715 4064 publice
724 3976 864 4063 adscitos,
883 3975 1029 4063 privatim
1046 3976 1181 4042 aluntur

148 4077 237 4166 quod
252 4077 298 4143 ita
313 4077 541 4165 iuterpretatur
555 4097 607 4160 12,
616 4079 744 4169 suosque
757 4078 822 4144 deos
836 4090 889 4144 aut
904 4102 992 4144 novos
1004 4076 1058 4146 aut
1071 4077 1178 4147 alicni-

143 4203 240 4269 genas
253 4179 320 4246 coli.
394 4238 397 4244 .

191 4302 277 4348 vot..
293 4301 365 4349 v11.
458 4295 462 4306 '
656 4302 669 4345 1
