2714 4770
147 359 205 423 ¹94
438 319 440 325 ’
528 334 804 396 onmcarro.

148 503 213 569 mei
234 499 432 568 sermonibus
452 493 567 585 sepina
592 495 768 562 admiratus
792 492 875 570 sum,
896 513 973 557 curn
996 489 1136 568 diceret,
1158 507 1203 553 ea

148 606 196 671 Te
214 605 248 669 in
265 604 297 669 se
317 598 496 680 contulisse,
510 599 628 687 quibua
646 600 693 664 Te
713 619 777 662 non
801 594 931 662 nomine
946 591 1000 659 sed
1015 614 1050 658 re
1065 611 1201 679 cogna-

149 721 222 773 tum
237 704 430 783 ostenderes,
444 716 480 769 et
494 701 657 767 manifeste
675 699 868 788 significaret
886 696 999 762 eodem
1019 697 1068 761 Te
1083 714 1204 759 amore

150 805 221 894 ejus
241 804 361 873 liberor
383 803 568 894 complecti.
611 800 752 868 Virtutis
772 823 847 866 vero
868 799 948 865 Tuae
973 796 1068 863 testes
1093 795 1204 862 habea

150 907 236 972 civea
263 907 403 994 finguloa
427 920 461 972 et
487 904 659 972 universos.
704 904 791 968 Cum
816 901 903 967 enim
927 923 966 965 eo
993 899 1069 964 loco
1097 909 1203 962 natur

150 1009 239 1089 esser,
255 1021 289 1074 et
303 1008 336 1073 in
352 1032 391 1074 ea
403 1021 551 1095 tempora
565 1005 733 1085 incidisses,
750 1018 786 1071 ut
800 1004 842 1070 ad
856 1004 997 1070 summos
1011 1001 1045 1066 in
1063 999 1203 1087 Repub-

149 1110 213 1178 lica
231 1111 371 1177 honores
397 1111 510 1199 sponte
535 1108 660 1176 evolare
681 1107 800 1196 possem
824 1105 997 1194 indignum
1017 1105 1067 1170 Te
1087 1102 1201 1168 existi·

151 1204 243 1300 mana
267 1213 300 1279 in
323 1214 462 1280 fortuna
489 1212 582 1279 donis
603 1209 815 1298 acquiescere,
839 1208 881 1273 ad
901 1206 1029 1296 generis
1050 1203 1204 1293 praefidia

34 1302 38 1314 ¹
149 1315 276 1381 virtutis
294 1328 393 1403 atque
413 1316 535 1405 ingenii
556 1313 696 1404 adjecisti
708 1325 910 1393 ornamenta,
926 1324 963 1377 ut
977 1309 1091 1377 omnia
1103 1308 1202 1376 Tibi·

151 1431 220 1483 met
237 1418 303 1507 ipse
325 1417 443 1484 debere
464 1417 602 1498 videare,
625 1417 672 1482 nil
696 1417 752 1482 fibi
774 1429 904 1482 tuorum
927 1413 1107 1480 vindicaret
1129 1412 1201 1479 for·

150 1532 242 1584 tuna.
289 1522 402 1608 ltaque
424 1518 458 1584 id
475 1519 632 1586 assecutus
647 1541 681 1583 ea
696 1540 763 1605 quo
777 1517 981 1584 contendunt
1000 1515 1113 1597 multi,
1127 1536 1203 1602 per-

150 1622 282 1688 veniunt
292 1623 480 1710 paucissimi,
490 1637 529 1688 ut
540 1623 573 1688 in
585 1624 712 1688 summo
720 1622 921 1710 magistratus
932 1617 1059 1707 fastigio
1069 1616 1224 1692 cuneo.

151 1739 218 1792 tam
237 1726 275 1791 fin
293 1727 337 1792 ob
354 1725 509 1814 pietatem
532 1739 566 1791 et
586 1725 822 1792 humanitatem
846 1721 1004 1800 amabilis,
1026 1743 1131 1810 quam
1156 1720 1202 1787 ob

151 1827 272 1894 consilii
283 1828 346 1893 vim
360 1842 394 1894 et
408 1829 622 1917 praestantiam
635 1825 844 1893 admirabilis.
879 1828 1013 1914 Quanto
1025 1821 1134 1911 igitur
1147 1845 1201 1888 me

150 1932 275 2019 semper
287 1931 351 1997 Tui
364 1931 490 1997 videndi
505 1945 540 1997 et
552 1929 737 2019 alloquendi
756 1927 907 1997 desiderio
926 1925 1069 2016 flagrasse
1089 1941 1200 2015 putea,

150 2055 217 2121 quo
230 2034 304 2100 Tibi
323 2055 406 2099 mear
423 2033 629 2101 observantia
652 2033 831 2101 testimonia
850 2032 960 2099 darem
976 2031 1200 2120 praesentiora,

149 2148 186 2202 et
206 2136 272 2223 ipse
293 2136 357 2202 mei
378 2135 471 2202 studii
491 2137 615 2204 fruetus
628 2159 648 2202 a
661 2138 709 2203 Te
727 2137 927 2224 perciperem
949 2134 1197 2223 praesentiores?

150 2237 214 2304 Sed
236 2238 310 2303 Diia
330 2238 425 2303 aliter
445 2237 565 2305 visum!
590 2240 678 2304 Nam
700 2238 734 2305 in
755 2240 803 2304 Te
824 2238 937 2305 oculos
957 2234 1073 2326 sigona,
1090 2237 1134 2303 ad
1150 2239 1198 2304 Te

149 2339 254 2428 plenia
277 2340 414 2406 tendens
437 2340 527 2420 velia,
550 2342 644 2407 ecce!
669 2339 701 2406 in
726 2341 867 2407 Bataviae
890 2362 961 2408 orae
983 2339 1127 2422 deseror,
1149 2341 1198 2407 vel

27 2450 30 2454 ’
150 2465 229 2508 aura
242 2444 392 2523 fortunae,
407 2442 456 2508 vel
471 2465 580 2509 amore
594 2444 767 2510 doctrinae:
792 2444 901 2533 ibique
922 2443 1071 2510 detineor
1085 2444 1199 2510 oblato

151 2544 290 2611 docendi
304 2567 451 2611 munere.
497 2546 570 2612 Sive
591 2547 693 2636 igitur
713 2570 834 2614 munus
853 2547 957 2636 ipsum
979 2547 1116 2635 spectes,
1134 2547 1200 2613 boc

149 2648 361 2715 amantislimo
396 2648 513 2737 cuique
541 2649 707 2716 literarum
736 2650 1002 2738 jucundissimum
1032 2651 1098 2731 est3
1138 2651 1197 2716 five

82 2752 85 2759 ’
150 2748 304 2830 scholam,
327 2773 365 2816 ea
381 2773 576 2840 magnorum
600 2752 781 2818 Dodorum
804 2753 891 2818 fama
911 2751 1123 2818 celeberrima
1138 2752 1197 2831 esl3

151 2853 210 2917 sive
224 2855 354 2934 urbem,
365 2876 403 2919 ea
417 2855 631 2921 florentissima
652 2857 805 2943 Europae,
828 2855 1138 2921 Amslelaedamuma
1162 2871 1199 2922 ut

149 2955 190 3020 ad
205 2955 363 3021 summam
377 2956 577 3044 voluptatem
592 2957 639 3024 nil
654 2957 707 3021 nisi
723 2957 887 3044 praesentia
902 2956 1032 3023 familiae
1045 2957 1198 3039 suavitas,

149 3079 188 3122 ac
202 3057 313 3144 patriae
331 3081 450 3123 nomen
465 3073 499 3123 et
514 3060 738 3147 propinquitas
754 3059 856 3126 deesse
870 3060 1027 3125 videatur.
1073 3063 1198 3150 Quare,

149 3160 193 3225 V.
207 3160 250 3222 A.
266 3158 334 3224 noli
348 3174 462 3246 putare
476 3185 529 3226 me
543 3163 680 3249 patriam
695 3162 826 3250 ejurasse
834 3189 846 3246 3
863 3163 919 3251 qui
933 3162 1032 3242 enim,
1048 3163 1199 3251 quamvis

106 3284 107 3287 ¹
150 3256 304 3323 diuturna
325 3261 477 3342 absentia,
497 3262 578 3329 adeo
599 3262 805 3352 degenerem,
822 3279 861 3329 ut
882 3265 970 3330 hunc
991 3263 1119 3330 sensum
1139 3288 1197 3331 ex·

151 3364 249 3425 uam?
274 3363 338 3427 Sed
357 3363 403 3428 ita
422 3365 532 3451 potina
553 3366 677 3453 accipe,
697 3390 750 3432 me
771 3367 812 3431 ad
833 3367 950 3432 avitam
966 3380 999 3432 et
1013 3369 1197 3441 naturalem

148 3465 286 3552 patriam
301 3465 400 3531 veluti
423 3491 536 3534 novam
555 3469 741 3557 adjunxisse.
789 3470 825 3533 ln
841 3469 933 3558 cujus
948 3469 993 3536 rei
1008 3471 1107 3537 sidem
1124 3472 1198 3562 pig·

150 3589 211 3632 nus
229 3568 302 3633 Tibi
325 3569 381 3650 do,
407 3593 473 3656 quo
497 3571 547 3636 nil·
566 3573 670 3638 habeo
693 3556 869 3660 pretiosius.
915 3572 1074 3639 Primitiae
1095 3573 1200 3664 igitur

12 3723 13 3727 ,
150 3691 295 3736 mearum
314 3668 576 3741 lucubrationum
599 3674 632 3739 in
657 3674 876 3754 Plutarchum,
895 3698 992 3762 quem
1012 3678 1065 3744 Tu
1085 3679 1201 3765 quanti·

150 3773 249 3839 facian
263 3797 316 3840 me
336 3798 402 3841 non
422 3776 514 3857 latet,
528 3777 600 3843 Tibi
614 3777 713 3858 dono,
729 3777 816 3857 dico,
831 3779 993 3844 consecro.
1039 3781 1114 3846 Has
1136 3784 1199 3860 Tu,

149 3876 192 3940 V.
209 3877 251 3940 A.
267 3876 382 3972 eodem
400 3877 511 3944 animo
529 3879 651 3966 accipe,
665 3902 731 3965 quo
744 3879 818 3945 Tibi
832 3881 1032 3946 offerunturz
1057 3883 1200 3973 Tibique

149 3977 196 4041 ita
209 3978 374 4063 persuade,
389 4002 442 4046 nte
457 4005 522 4047 non
538 4004 613 4046 cum
629 3981 703 4047 loco
718 3982 841 4048 sensum
857 3983 1002 4065 mutasse,
1018 3985 1075 4050 sed
1088 3988 1200 4075 quoad

150 4079 268 4158 vivam,
293 4096 326 4146 et
353 4083 465 4169 patriae
489 4084 735 4151 amantissimum
754 4099 788 4150 et
806 4086 870 4151 Tui
890 4086 1201 4162 observantiffimum

148 4180 307 4248 futurum.
351 4187 443 4252 Vale.
468 4188 651 4253 Scribebam
676 4188 784 4254 Leidae
802 4213 832 4254 a.
852 4189 886 4254 d.
908 4210 1008 4254 xx11.
1031 4193 1204 4264 octobris.

138 4286 410 4353 MDCCLXXI.
