<?xml version="1.0" encoding="UTF-8"?>
<!DOCTYPE html PUBLIC "-//W3C//DTD XHTML 1.0 Transitional//EN"
    "http://www.w3.org/TR/xhtml1/DTD/xhtml1-transitional.dtd">
<html xmlns="http://www.w3.org/1999/xhtml" xml:lang="en" lang="en">
 <head>
  <title>
</title>
<meta http-equiv="Content-Type" content="text/html;charset=utf-8" />
  <meta name='ocr-system' content='tesseract 3.04.00' />
  <meta name='ocr-capabilities' content='ocr_page ocr_carea ocr_par ocr_line ocrx_word'/>
</head>
<body>
  <div class='ocr_page' id='page_1' title='image "./plutarchichaero25plutgoog_0223.png"; bbox 0 0 2714 4770; ppageno 0'>
   <div class='ocr_carea' id='block_1_1' title="bbox 50 324 1096 429">
    <p class='ocr_par' dir='ltr' id='par_1_1' title="bbox 50 324 1096 429">
     <span class='ocr_line' id='line_1_1' title="bbox 50 324 1096 429; baseline 0 -15"><span class='ocrx_word' id='word_1_1' title='bbox 50 372 60 383; x_wconf 88' lang='lat'>·</span> <span class='ocrx_word' id='word_1_2' title='bbox 204 370 269 414; x_wconf 71' lang='lat' dir='ltr'>m</span> <span class='ocrx_word' id='word_1_3' title='bbox 350 350 458 429; x_wconf 70' lang='lat' dir='ltr'>ow.</span> <span class='ocrx_word' id='word_1_4' title='bbox 479 336 676 412; x_wconf 77' lang='lat' dir='ltr'>rmumv.</span> <span class='ocrx_word' id='word_1_5' title='bbox 692 352 743 412; x_wconf 75' lang='lat' dir='ltr'>ru</span> <span class='ocrx_word' id='word_1_6' title='bbox 763 324 1096 415; x_wconf 71' lang='lat' dir='ltr'>enormem-mn.</span> 
     </span>
    </p>
   </div>
   <div class='ocr_carea' id='block_1_2' title="bbox 206 509 1253 911">
    <p class='ocr_par' dir='ltr' id='par_1_2' title="bbox 206 509 1253 911">
     <span class='ocr_line' id='line_1_2' title="bbox 206 509 1251 600; baseline 0 -21"><span class='ocrx_word' id='word_1_7' title='bbox 206 513 333 579; x_wconf 79' lang='lat' dir='ltr'>&#39;stonem</span> <span class='ocrx_word' id='word_1_8' title='bbox 356 509 491 593; x_wconf 83' lang='lat' dir='ltr'>Chium,</span> <span class='ocrx_word' id='word_1_9' title='bbox 514 511 665 600; x_wconf 79' lang='lat' dir='ltr'>fiquidem</span> <span class='ocrx_word' id='word_1_10' title='bbox 679 512 808 600; x_wconf 83' lang='lat' dir='ltr'>&#39;scrlpfit</span> <span class='ocrx_word' id='word_1_11' title='bbox 832 513 936 589; x_wconf 69' lang='lat' dir='ltr'>terioris</span> <span class='ocrx_word' id='word_1_12' title='bbox 956 515 1034 579; x_wconf 72' lang='grc' dir='ltr'>ἔθνῶν</span> <span class='ocrx_word' id='word_1_13' title='bbox 1057 512 1251 594; x_wconf 47' lang='lat' dir='ltr'>delmi,</span> 
     </span>
     <span class='ocr_line' id='line_1_3' title="bbox 212 614 1250 702; baseline 0 -20"><span class='ocrx_word' id='word_1_14' title='bbox 212 627 251 682; x_wconf 92' lang='lat' dir='ltr'>ut</span> <span class='ocrx_word' id='word_1_15' title='bbox 273 626 370 680; x_wconf 75' lang='lat' dir='ltr'>notat·</span> <span class='ocrx_word' id='word_1_16' title='bbox 391 615 516 682; x_wconf 84' lang='lat' dir='ltr'>Jonfius</span> <span class='ocrx_word' id='word_1_17' title='bbox 541 616 594 681; x_wconf 92' lang='lat' dir='ltr'>De</span> <span class='ocrx_word' id='word_1_18' title='bbox 617 614 734 702; x_wconf 86' lang='lat' dir='ltr'>Script.</span> <span class='ocrx_word' id='word_1_19' title='bbox 758 615 839 680; x_wconf 87' lang='lat' dir='ltr'>Hist.</span> <span class='ocrx_word' id='word_1_20' title='bbox 864 614 946 681; x_wconf 87' lang='lat' dir='ltr'><strong>Phil.</strong></span> <span class='ocrx_word' id='word_1_21' title='bbox 971 618 1073 696; x_wconf 82' lang='lat'><strong>1.12·,</strong></span> <span class='ocrx_word' id='word_1_22' title='bbox 1095 630 1130 702; x_wconf 99' lang='grc'>5.</span> <span class='ocrx_word' id='word_1_23' title='bbox 1171 617 1250 682; x_wconf 90' lang='lat' dir='ltr'>Plu-</span> 
     </span>
     <span class='ocr_line' id='line_1_4' title="bbox 212 715 1253 805; baseline 0.001 -23"><span class='ocrx_word' id='word_1_24' title='bbox 212 715 343 782; x_wconf 76' lang='lat' dir='ltr'>turohue</span> <span class='ocrx_word' id='word_1_25' title='bbox 360 727 469 781; x_wconf 79' lang='lat' dir='ltr'>tamen</span> <span class='ocrx_word' id='word_1_26' title='bbox 491 738 567 782; x_wconf 86' lang='lat' dir='ltr'>curn</span> <span class='ocrx_word' id='word_1_27' title='bbox 589 717 700 782; x_wconf 82' lang='lat' dir='ltr'>addito</span> <span class='ocrx_word' id='word_1_28' title='bbox 722 716 785 782; x_wconf 88' lang='lat' dir='ltr'>hoc</span> <span class='ocrx_word' id='word_1_29' title='bbox 804 722 818 780; x_wconf 83' lang='grc' dir='ltr'><strong>ό</strong></span> <span class='ocrx_word' id='word_1_30' title='bbox 837 717 986 805; x_wconf 64' lang='grc' dir='ltr'>γεγραφὼς</span> <span class='ocrx_word' id='word_1_31' title='bbox 1006 717 1154 795; x_wconf 69' lang='grc' dir='ltr'>Ἀθηναίων</span> <span class='ocrx_word' id='word_1_32' title='bbox 1171 722 1253 783; x_wconf 73' lang='grc' dir='ltr'><strong><em>ἄποι-</em></strong></span> 
     </span>
     <span class='ocr_line' id='line_1_5' title="bbox 206 808 1250 911; baseline 0.003 -28"><span class='ocrx_word' id='word_1_33' title='bbox 206 808 487 911; x_wconf 68' lang='grc' dir='ltr'>·κὶις·ᾅίίὶίιιςιιοτε</span> <span class='ocrx_word' id='word_1_34' title='bbox 505 818 632 885; x_wconf 83' lang='lat' dir='ltr'>videtur</span> <span class='ocrx_word' id='word_1_35' title='bbox 651 821 693 885; x_wconf 82' lang='lat' dir='ltr'>ab</span> <span class='ocrx_word' id='word_1_36' title='bbox 710 818 998 886; x_wconf 77' lang='lat' dir='ltr'>aliis-Aristonibur</span> <span class='ocrx_word' id='word_1_37' title='bbox 1018 818 1250 907; x_wconf 74' lang='lat' dir='ltr'>scriptoriburt</span> 
     </span>
    </p>
   </div>
   <div class='ocr_carea' id='block_1_3' title="bbox 209 922 1253 1931">
    <p class='ocr_par' dir='ltr' id='par_1_3' title="bbox 210 922 1253 1319">
     <span class='ocr_line' id='line_1_6' title="bbox 211 922 1253 1013; baseline -0.002 -23"><span class='ocrx_word' id='word_1_38' title='bbox 211 942 350 1013; x_wconf 88' lang='lat' dir='ltr'>quorum</span> <span class='ocrx_word' id='word_1_39' title='bbox 374 922 556 1012; x_wconf 80' lang='lat' dir='ltr'><strong>complures</strong></span> <span class='ocrx_word' id='word_1_40' title='bbox 581 923 724 990; x_wconf 84' lang='lat' dir='ltr'>recenset</span> <span class='ocrx_word' id='word_1_41' title='bbox 748 922 914 1012; x_wconf 82' lang='lat' dir='ltr'>Diogenes</span> <span class='ocrx_word' id='word_1_42' title='bbox 939 925 1049 988; x_wconf 78' lang='lat' dir='ltr'>Luert.</span> <span class='ocrx_word' id='word_1_43' title='bbox 1075 924 1153 992; x_wconf 89' lang='lat' dir='ltr'><strong>V11.</strong></span> <span class='ocrx_word' id='word_1_44' title='bbox 1165 925 1253 1007; x_wconf 69' lang='lat'><strong>164.</strong></span> 
     </span>
     <span class='ocr_line' id='line_1_7' title="bbox 210 1024 1252 1116; baseline 0.002 -26"><span class='ocrx_word' id='word_1_45' title='bbox 210 1024 269 1091; x_wconf 84' lang='lat' dir='ltr'>ubi</span> <span class='ocrx_word' id='word_1_46' title='bbox 283 1040 317 1090; x_wconf 87' lang='lat' dir='ltr'>et</span> <span class='ocrx_word' id='word_1_47' title='bbox 336 1026 435 1116; x_wconf 79' lang='lat' dir='ltr'>hujus</span> <span class='ocrx_word' id='word_1_48' title='bbox 455 1050 495 1093; x_wconf 87' lang='lat' dir='ltr'>ex</span> <span class='ocrx_word' id='word_1_49' title='bbox 513 1028 585 1092; x_wconf 89' lang='lat' dir='ltr'>hoc·</span> <span class='ocrx_word' id='word_1_50' title='bbox 598 1027 672 1093; x_wconf 91' lang='lat' dir='ltr'>loco</span> <span class='ocrx_word' id='word_1_51' title='bbox 688 1040 726 1092; x_wconf 92' lang='lat' dir='ltr'>ut</span> <span class='ocrx_word' id='word_1_52' title='bbox 740 1026 849 1105; x_wconf 89' lang='lat' dir='ltr'>unico,</span> <span class='ocrx_word' id='word_1_53' title='bbox 864 1025 1063 1091; x_wconf 84' lang='lat' dir='ltr'>mentionem</span> <span class='ocrx_word' id='word_1_54' title='bbox 1077 1024 1156 1095; x_wconf 83' lang='lat' dir='ltr'>facit</span> <span class='ocrx_word' id='word_1_55' title='bbox 1171 1027 1252 1092; x_wconf 88' lang='lat' dir='ltr'>Me·</span> 
     </span>
     <span class='ocr_line' id='line_1_8' title="bbox 211 1127 1252 1218; baseline 0.003 -25"><span class='ocrx_word' id='word_1_56' title='bbox 211 1129 346 1218; x_wconf 81' lang='lat' dir='ltr'>nngius:</span> <span class='ocrx_word' id='word_1_57' title='bbox 372 1131 451 1195; x_wconf 80' lang='lat' dir='ltr'>alios</span> <span class='ocrx_word' id='word_1_58' title='bbox 471 1127 804 1217; x_wconf 80' lang='lat' dir='ltr'>etiamcognomineo</span> <span class='ocrx_word' id='word_1_59' title='bbox 828 1127 1009 1194; x_wconf 87' lang='lat' dir='ltr'>retulerunt</span> <span class='ocrx_word' id='word_1_60' title='bbox 1029 1128 1193 1195; x_wconf 82' lang='lat' dir='ltr'>Fabricius</span> <span class='ocrx_word' id='word_1_61' title='bbox 1217 1143 1252 1196; x_wconf 87' lang='lat' dir='ltr'>ct</span> 
     </span>
     <span class='ocr_line' id='line_1_9' title="bbox 211 1231 724 1319; baseline 0 -21"><span class='ocrx_word' id='word_1_62' title='bbox 211 1232 253 1298; x_wconf 84' lang='lat' dir='ltr'>ab</span> <span class='ocrx_word' id='word_1_63' title='bbox 266 1254 306 1297; x_wconf 88' lang='lat' dir='ltr'>co</span> <span class='ocrx_word' id='word_1_64' title='bbox 321 1231 410 1297; x_wconf 81' lang='lat' dir='ltr'>citati</span> <span class='ocrx_word' id='word_1_65' title='bbox 425 1232 463 1297; x_wconf 90' lang='lat' dir='ltr'>B.</span> <span class='ocrx_word' id='word_1_66' title='bbox 480 1233 524 1298; x_wconf 90' lang='lat' dir='ltr'>G.</span> <span class='ocrx_word' id='word_1_67' title='bbox 541 1233 586 1297; x_wconf 91' lang='lat'>11.</span> <span class='ocrx_word' id='word_1_68' title='bbox 602 1254 635 1319; x_wconf 89' lang='lat' dir='ltr'>p.</span> <span class='ocrx_word' id='word_1_69' title='bbox 647 1252 724 1318; x_wconf 86' lang='lat'><strong>390.</strong></span> 
     </span>
    </p>

    <p class='ocr_par' dir='ltr' id='par_1_4' title="bbox 209 1333 1252 1726">
     <span class='ocr_line' id='line_1_10' title="bbox 252 1333 1252 1422; baseline 0.003 -25"><span class='ocrx_word' id='word_1_70' title='bbox 252 1335 330 1421; x_wconf 87' lang='grc'><strong><em>365.</em></strong></span> <span class='ocrx_word' id='word_1_71' title='bbox 345 1335 384 1397; x_wconf 87' lang='grc' dir='ltr'>Ε.</span> <span class='ocrx_word' id='word_1_72' title='bbox 403 1333 609 1421; x_wconf 73' lang='grc' dir='ltr'>Ἀλεξάρχου·]</span> <span class='ocrx_word' id='word_1_73' title='bbox 628 1335 704 1399; x_wconf 84' lang='grc' dir='ltr'>Ηοο</span> <span class='ocrx_word' id='word_1_74' title='bbox 720 1333 851 1400; x_wconf 91' lang='lat' dir='ltr'>nomine</span> <span class='ocrx_word' id='word_1_75' title='bbox 854 1334 985 1422; x_wconf 82' lang='lat' dir='ltr'>scriptor</span> <span class='ocrx_word' id='word_1_76' title='bbox 997 1334 1117 1400; x_wconf 84' lang='lat' dir='ltr'>citatur</span> <span class='ocrx_word' id='word_1_77' title='bbox 1129 1334 1203 1422; x_wconf 77' lang='lat' dir='ltr'>q&#39;uir</span> <span class='ocrx_word' id='word_1_78' title='bbox 1216 1334 1252 1400; x_wconf 85' lang='lat' dir='ltr'>in</span> 
     </span>
     <span class='ocr_line' id='line_1_11' title="bbox 211 1434 1248 1522; baseline -0.002 -22"><span class='ocrx_word' id='word_1_79' title='bbox 211 1434 357 1500; x_wconf 74' lang='lat' dir='ltr'>Purallel.</span> <span class='ocrx_word' id='word_1_80' title='bbox 378 1434 463 1501; x_wconf 89' lang='lat' dir='ltr'>Min.</span> <span class='ocrx_word' id='word_1_81' title='bbox 483 1457 516 1522; x_wconf 89' lang='lat' dir='ltr'>p.</span> <span class='ocrx_word' id='word_1_82' title='bbox 531 1450 611 1520; x_wconf 82' lang='grc' dir='ltr'>307.Ι</span> <span class='ocrx_word' id='word_1_83' title='bbox 629 1435 670 1500; x_wconf 89' lang='lat' dir='ltr'>C.</span> <span class='ocrx_word' id='word_1_84' title='bbox 691 1435 732 1501; x_wconf 92' lang='lat' dir='ltr'>de</span> <span class='ocrx_word' id='word_1_85' title='bbox 751 1458 817 1522; x_wconf 87' lang='lat' dir='ltr'>quo</span> <span class='ocrx_word' id='word_1_86' title='bbox 834 1435 959 1501; x_wconf 82' lang='lat' dir='ltr'>Voffius</span> <span class='ocrx_word' id='word_1_87' title='bbox 974 1435 1056 1500; x_wconf 84' lang='lat' dir='ltr'>Hist.</span> <span class='ocrx_word' id='word_1_88' title='bbox 1072 1437 1133 1501; x_wconf 90' lang='lat' dir='ltr'>Gr.</span> <span class='ocrx_word' id='word_1_89' title='bbox 1148 1435 1204 1500; x_wconf 72' lang='grc' dir='ltr'><strong><em>ΙΙ.</em></strong></span> <span class='ocrx_word' id='word_1_90' title='bbox 1211 1456 1248 1522; x_wconf 89' lang='lat' dir='ltr'>p.</span> 
     </span>
     <span class='ocr_line' id='line_1_12' title="bbox 210 1535 1251 1625; baseline 0 -23"><span class='ocrx_word' id='word_1_91' title='bbox 210 1544 288 1624; x_wconf 81' lang='lat'><strong>31&#39;9.</strong></span> <span class='ocrx_word' id='word_1_92' title='bbox 310 1549 344 1602; x_wconf 88' lang='lat' dir='ltr'>et</span> <span class='ocrx_word' id='word_1_93' title='bbox 368 1536 623 1601; x_wconf 76' lang='lat' dir='ltr'>Grammaticusa</span> <span class='ocrx_word' id='word_1_94' title='bbox 642 1536 812 1602; x_wconf 84' lang='lat' dir='ltr'>Clemente</span> <span class='ocrx_word' id='word_1_95' title='bbox 831 1535 1008 1602; x_wconf 80' lang='lat' dir='ltr'>Alexandr.</span> <span class='ocrx_word' id='word_1_96' title='bbox 1032 1538 1192 1625; x_wconf 88' lang='lat' dir='ltr'>Protrept.</span> <span class='ocrx_word' id='word_1_97' title='bbox 1216 1558 1251 1625; x_wconf 87' lang='lat' dir='ltr'>p.</span> 
     </span>
     <span class='ocr_line' id='line_1_13' title="bbox 209 1637 1163 1726; baseline -0.001 -21"><span class='ocrx_word' id='word_1_98' title='bbox 209 1639 266 1725; x_wconf 91' lang='grc'>36.</span> <span class='ocrx_word' id='word_1_99' title='bbox 281 1638 326 1704; x_wconf 78' lang='lat' dir='ltr'>A.</span> <span class='ocrx_word' id='word_1_100' title='bbox 354 1638 438 1706; x_wconf 76' lang='lat' dir='ltr'>Quis</span> <span class='ocrx_word' id='word_1_101' title='bbox 452 1637 519 1719; x_wconf 90' lang='lat' dir='ltr'>hic,</span> <span class='ocrx_word' id='word_1_102' title='bbox 535 1660 631 1725; x_wconf 90' lang='lat' dir='ltr'>quem</span> <span class='ocrx_word' id='word_1_103' title='bbox 647 1639 831 1726; x_wconf 74' lang='lat' dir='ltr'>querimus,</span> <span class='ocrx_word' id='word_1_104' title='bbox 847 1638 955 1719; x_wconf 85' lang='lat' dir='ltr'>fuerit,</span> <span class='ocrx_word' id='word_1_105' title='bbox 970 1660 1036 1704; x_wconf 92' lang='lat' dir='ltr'>non</span> <span class='ocrx_word' id='word_1_106' title='bbox 1049 1637 1163 1725; x_wconf 89' lang='lat' dir='ltr'>liquet.</span> 
     </span>
    </p>

    <p class='ocr_par' dir='ltr' id='par_1_5' title="bbox 211 1739 1253 1931">
     <span class='ocr_line' id='line_1_14' title="bbox 251 1739 1253 1827; baseline -0.001 -22"><span class='ocrx_word' id='word_1_107' title='bbox 251 1742 329 1827; x_wconf 87' lang='grc'><strong><em>365.</em></strong></span> <span class='ocrx_word' id='word_1_108' title='bbox 347 1741 387 1804; x_wconf 80' lang='grc' dir='ltr'>Ε.</span> <span class='ocrx_word' id='word_1_109' title='bbox 409 1739 739 1827; x_wconf 62' lang='grc' dir='ltr'>Ἀρσαφὴς-ὀνόματος]</span> <span class='ocrx_word' id='word_1_110' title='bbox 766 1741 980 1815; x_wconf 86' lang='lat' dir='ltr'>Notationem</span> <span class='ocrx_word' id='word_1_111' title='bbox 1000 1739 1087 1806; x_wconf 83' lang='lat' dir='ltr'>vocis</span> <span class='ocrx_word' id='word_1_112' title='bbox 1106 1741 1253 1827; x_wconf 69' lang='grc' dir='ltr'>Ἀρσαφὴς</span> 
     </span>
     <span class='ocr_line' id='line_1_15' title="bbox 211 1841 1251 1931; baseline -0.002 -23"><span class='ocrx_word' id='word_1_113' title='bbox 211 1841 329 1930; x_wconf 82' lang='lat' dir='ltr'>probat</span> <span class='ocrx_word' id='word_1_114' title='bbox 348 1841 548 1909; x_wconf 83' lang='lat' dir='ltr'>Jablonssriur</span> <span class='ocrx_word' id='word_1_115' title='bbox 568 1843 684 1908; x_wconf 83' lang='lat' dir='ltr'>Panth.</span> <span class='ocrx_word' id='word_1_116' title='bbox 708 1844 788 1930; x_wconf 82' lang='lat' dir='ltr'>AEg.</span> <span class='ocrx_word' id='word_1_117' title='bbox 806 1844 842 1908; x_wconf 90' lang='lat' dir='ltr'>P.</span> <span class='ocrx_word' id='word_1_118' title='bbox 861 1843 890 1907; x_wconf 94' lang='lat'>1.</span> <span class='ocrx_word' id='word_1_119' title='bbox 912 1864 946 1930; x_wconf 93' lang='lat' dir='ltr'>p.</span> <span class='ocrx_word' id='word_1_120' title='bbox 963 1844 1038 1931; x_wconf 80' lang='lat'><strong>289.</strong></span> <span class='ocrx_word' id='word_1_121' title='bbox 1056 1854 1090 1907; x_wconf 86' lang='lat' dir='ltr'>et</span> <span class='ocrx_word' id='word_1_122' title='bbox 1110 1841 1251 1908; x_wconf 72' lang='lat' dir='ltr'>collect.</span> 
     </span>
    </p>
   </div>
   <div class='ocr_carea' id='block_1_4' title="bbox 97 1945 1251 2034">
    <p class='ocr_par' dir='ltr' id='par_1_6' title="bbox 97 1945 1251 2034">
     <span class='ocr_line' id='line_1_16' title="bbox 97 1945 1251 2034; baseline -0.002 -22"><span class='ocrx_word' id='word_1_123' title='bbox 97 1992 101 1999; x_wconf 82' lang='lat'>·</span> <span class='ocrx_word' id='word_1_124' title='bbox 210 1945 294 2012; x_wconf 85' lang='lat' dir='ltr'>Voc.</span> <span class='ocrx_word' id='word_1_125' title='bbox 308 1947 388 2034; x_wconf 87' lang='lat' dir='ltr'>AEg.</span> <span class='ocrx_word' id='word_1_126' title='bbox 403 1966 438 2033; x_wconf 97' lang='lat' dir='ltr'>p.</span> <span class='ocrx_word' id='word_1_127' title='bbox 448 1946 503 2031; x_wconf 90' lang='grc'>38.</span> <span class='ocrx_word' id='word_1_128' title='bbox 542 1946 689 2032; x_wconf 80' lang='lat' dir='ltr'>Squirius</span> <span class='ocrx_word' id='word_1_129' title='bbox 708 1946 772 2011; x_wconf 91' lang='lat' dir='ltr'>hoc</span> <span class='ocrx_word' id='word_1_130' title='bbox 792 1967 911 2011; x_wconf 91' lang='lat' dir='ltr'>nomen</span> <span class='ocrx_word' id='word_1_131' title='bbox 933 1945 967 2011; x_wconf 91' lang='lat' dir='ltr'>in</span> <span class='ocrx_word' id='word_1_132' title='bbox 981 1946 1251 2034; x_wconf 66' lang='lat' dir='ltr'>&#39;Acrprsmutam</span> 
     </span>
    </p>
   </div>
   <div class='ocr_carea' id='block_1_5' title="bbox 131 2044 1341 4183">
    <p class='ocr_par' dir='ltr' id='par_1_7' title="bbox 131 2044 1341 3364">
     <span class='ocr_line' id='line_1_17' title="bbox 211 2044 1252 2135; baseline -0.002 -23"><span class='ocrx_word' id='word_1_133' title='bbox 211 2045 424 2127; x_wconf 77' lang='lat' dir='ltr'>dum‘oenset,</span> <span class='ocrx_word' id='word_1_134' title='bbox 438 2045 580 2134; x_wconf 86' lang='lat' dir='ltr'>alioquin</span> <span class='ocrx_word' id='word_1_135' title='bbox 595 2046 641 2111; x_wconf 95' lang='lat' dir='ltr'>nil</span> <span class='ocrx_word' id='word_1_136' title='bbox 654 2046 716 2112; x_wconf 80' lang='lat' dir='ltr'>elle</span> <span class='ocrx_word' id='word_1_137' title='bbox 729 2048 841 2112; x_wconf 80' lang='lat' dir='ltr'>cauffae</span> <span class='ocrx_word' id='word_1_138' title='bbox 854 2069 953 2135; x_wconf 78' lang='lat' dir='ltr'>quare</span> <span class='ocrx_word' id='word_1_139' title='bbox 967 2049 1062 2114; x_wconf 82' lang='lat' dir='ltr'>verba</span> <span class='ocrx_word' id='word_1_140' title='bbox 1075 2050 1103 2110; x_wconf 71' lang='lat' dir='ltr'>lv</span> <span class='ocrx_word' id='word_1_141' title='bbox 1114 2051 1156 2134; x_wconf 75' lang='grc' dir='ltr'>τῷ</span> <span class='ocrx_word' id='word_1_142' title='bbox 1168 2044 1252 2132; x_wconf 73' lang='grc' dir='ltr'>ἄλφα</span> 
     </span>
     <span class='ocr_line' id='line_1_18' title="bbox 131 2138 1341 2237; baseline 0.001 -23"><span class='ocrx_word' id='word_1_143' title='bbox 131 2174 137 2185; x_wconf 88' lang='grc'><strong><em>·</em></strong></span> <span class='ocrx_word' id='word_1_144' title='bbox 208 2150 362 2237; x_wconf 70' lang='grc' dir='ltr'>γράμματι</span> <span class='ocrx_word' id='word_1_145' title='bbox 384 2149 527 2235; x_wconf 62' lang='grc' dir='ltr'><strong><em>λέγεσθαι.</em></strong></span> <span class='ocrx_word' id='word_1_146' title='bbox 573 2150 659 2217; x_wconf 79' lang='lat' dir='ltr'>Quae</span> <span class='ocrx_word' id='word_1_147' title='bbox 677 2149 744 2234; x_wconf 70' lang='lat' dir='ltr'>ipsa*</span> <span class='ocrx_word' id='word_1_148' title='bbox 761 2150 868 2231; x_wconf 81' lang='lat' dir='ltr'>verba,</span> <span class='ocrx_word' id='word_1_149' title='bbox 888 2163 927 2215; x_wconf 90' lang='lat' dir='ltr'>ut</span> <span class='ocrx_word' id='word_1_150' title='bbox 946 2149 1074 2216; x_wconf 80' lang='lat' dir='ltr'>infititia</span> <span class='ocrx_word' id='word_1_151' title='bbox 1091 2163 1126 2215; x_wconf 88' lang='lat' dir='ltr'>et</span> <span class='ocrx_word' id='word_1_152' title='bbox 1145 2149 1254 2215; x_wconf 79' lang='lat' dir='ltr'>aliena</span> <span class='ocrx_word' id='word_1_153' title='bbox 1335 2138 1341 2156; x_wconf 74' lang='lat'><em>¹</em></span> 
     </span>
     <span class='ocr_line' id='line_1_19' title="bbox 208 2249 1253 2339; baseline 0.001 -23"><span class='ocrx_word' id='word_1_154' title='bbox 208 2249 316 2317; x_wconf 83' lang='lat' dir='ltr'>delere</span> <span class='ocrx_word' id='word_1_155' title='bbox 334 2250 431 2338; x_wconf 88' lang='lat' dir='ltr'>jubet</span> <span class='ocrx_word' id='word_1_156' title='bbox 454 2250 615 2316; x_wconf 83' lang='lat' dir='ltr'>Reilkius:</span> <span class='ocrx_word' id='word_1_157' title='bbox 638 2261 761 2316; x_wconf 90' lang='lat' dir='ltr'>temere</span> <span class='ocrx_word' id='word_1_158' title='bbox 782 2251 912 2338; x_wconf 89' lang='lat' dir='ltr'>quidem</span> <span class='ocrx_word' id='word_1_159' title='bbox 935 2252 1010 2333; x_wconf 82' lang='lat' dir='ltr'>ille3</span> <span class='ocrx_word' id='word_1_160' title='bbox 1033 2250 1154 2339; x_wconf 89' lang='lat' dir='ltr'>quippe</span> <span class='ocrx_word' id='word_1_161' title='bbox 1176 2274 1253 2339; x_wconf 80' lang='lat' dir='ltr'>quae</span> 
     </span>
     <span class='ocr_line' id='line_1_20' title="bbox 209 2349 1254 2442; baseline 0 -24"><span class='ocrx_word' id='word_1_162' title='bbox 209 2352 287 2418; x_wconf 73' lang='lat' dir='ltr'>llere</span> <span class='ocrx_word' id='word_1_163' title='bbox 314 2355 455 2441; x_wconf 78' lang='lat' dir='ltr'>poliunt,</span> <span class='ocrx_word' id='word_1_164' title='bbox 480 2353 640 2418; x_wconf 81' lang='lat' dir='ltr'>utrumvis</span> <span class='ocrx_word' id='word_1_165' title='bbox 668 2349 787 2419; x_wconf 88' lang='lat' dir='ltr'>nornen</span> <span class='ocrx_word' id='word_1_166' title='bbox 814 2353 953 2442; x_wconf 69' lang='lat' dir='ltr'>legatur.</span> <span class='ocrx_word' id='word_1_167' title='bbox 999 2352 1254 2442; x_wconf 75' lang='lat' dir='ltr'>Squirii&#39;Aosp15</span> 
     </span>
     <span class='ocr_line' id='line_1_21' title="bbox 209 2453 1253 2546; baseline 0.004 -28"><span class='ocrx_word' id='word_1_168' title='bbox 209 2453 376 2519; x_wconf 84' lang='lat' dir='ltr'>veritimile</span> <span class='ocrx_word' id='word_1_169' title='bbox 391 2453 520 2542; x_wconf 84' lang='lat' dir='ltr'>judicat</span> <span class='ocrx_word' id='word_1_170' title='bbox 540 2453 766 2519; x_wconf 81' lang='lat' dir='ltr'>eruditiffimus</span> <span class='ocrx_word' id='word_1_171' title='bbox 781 2453 828 2519; x_wconf 89' lang='lat' dir='ltr'>vir</span> <span class='ocrx_word' id='word_1_172' title='bbox 842 2456 885 2520; x_wconf 88' lang='lat' dir='ltr'>A.</span> <span class='ocrx_word' id='word_1_173' title='bbox 902 2456 929 2521; x_wconf 92' lang='lat'>1.</span> <span class='ocrx_word' id='word_1_174' title='bbox 944 2456 1086 2522; x_wconf 83' lang='lat' dir='ltr'>Silvestre</span> <span class='ocrx_word' id='word_1_175' title='bbox 1106 2455 1147 2521; x_wconf 88' lang='lat' dir='ltr'>de</span> <span class='ocrx_word' id='word_1_176' title='bbox 1165 2457 1253 2546; x_wconf 77' lang='lat' dir='ltr'>Scep</span> 
     </span>
     <span class='ocr_line' id='line_1_22' title="bbox 208 2556 1253 2644; baseline 0.001 -22"><span class='ocrx_word' id='word_1_177' title='bbox 208 2556 244 2622; x_wconf 94' lang='lat' dir='ltr'>in</span> <span class='ocrx_word' id='word_1_178' title='bbox 260 2556 358 2644; x_wconf 87' lang='lat' dir='ltr'><strong>Epist.</strong></span> <span class='ocrx_word' id='word_1_179' title='bbox 378 2556 431 2621; x_wconf 87' lang='lat' dir='ltr'>De</span> <span class='ocrx_word' id='word_1_180' title='bbox 447 2556 658 2643; x_wconf 86' lang='lat' dir='ltr'>Inscriptione</span> <span class='ocrx_word' id='word_1_181' title='bbox 673 2558 845 2622; x_wconf 83' lang='lat' dir='ltr'>Rosettana</span> <span class='ocrx_word' id='word_1_182' title='bbox 862 2580 896 2644; x_wconf 93' lang='lat' dir='ltr'>p.</span> <span class='ocrx_word' id='word_1_183' title='bbox 910 2578 966 2643; x_wconf 83' lang='lat'>30.</span> <span class='ocrx_word' id='word_1_184' title='bbox 989 2559 1067 2623; x_wconf 87' lang='lat' dir='ltr'>teste</span> <span class='ocrx_word' id='word_1_185' title='bbox 1080 2559 1253 2624; x_wconf 82' lang='lat' dir='ltr'>Tewntero</span> 
     </span>
     <span class='ocr_line' id='line_1_23' title="bbox 207 2658 1252 2747; baseline 0.001 -22"><span class='ocrx_word' id='word_1_186' title='bbox 207 2658 250 2725; x_wconf 76' lang='lat' dir='ltr'>od</span> <span class='ocrx_word' id='word_1_187' title='bbox 262 2659 436 2725; x_wconf 82' lang='lat' dir='ltr'>Jablonrkii</span> <span class='ocrx_word' id='word_1_188' title='bbox 452 2659 590 2724; x_wconf 71' lang='lat' dir='ltr'>Collect.</span> <span class='ocrx_word' id='word_1_189' title='bbox 604 2662 687 2725; x_wconf 91' lang='lat' dir='ltr'>Voc.</span> <span class='ocrx_word' id='word_1_190' title='bbox 703 2661 782 2747; x_wconf 86' lang='lat' dir='ltr'>AEg.</span> <span class='ocrx_word' id='word_1_191' title='bbox 797 2658 820 2723; x_wconf 92' lang='lat' dir='ltr'>l.</span> <span class='ocrx_word' id='word_1_192' title='bbox 834 2682 864 2723; x_wconf 90' lang='lat' dir='ltr'>c.</span> <span class='ocrx_word' id='word_1_193' title='bbox 895 2660 999 2725; x_wconf 90' lang='lat' dir='ltr'>Nobis</span> <span class='ocrx_word' id='word_1_194' title='bbox 1015 2682 1101 2725; x_wconf 92' lang='lat' dir='ltr'>nuno</span> <span class='ocrx_word' id='word_1_195' title='bbox 1113 2660 1252 2726; x_wconf 87' lang='lat' dir='ltr'>nil-mu·</span> 
     </span>
     <span class='ocr_line' id='line_1_24' title="bbox 210 2762 1252 2849; baseline -0.001 -19"><span class='ocrx_word' id='word_1_196' title='bbox 210 2763 345 2830; x_wconf 80' lang='lat' dir='ltr'>tandum</span> <span class='ocrx_word' id='word_1_197' title='bbox 369 2762 503 2829; x_wconf 88' lang='lat' dir='ltr'>videtur.</span> <span class='ocrx_word' id='word_1_198' title='bbox 549 2763 780 2849; x_wconf 85' lang='lat' dir='ltr'>Praepofitionis</span> <span class='ocrx_word' id='word_1_199' title='bbox 801 2766 829 2826; x_wconf 75' lang='grc' dir='ltr'>ἓν</span> <span class='ocrx_word' id='word_1_200' title='bbox 849 2763 883 2827; x_wconf 91' lang='lat' dir='ltr'>in</span> <span class='ocrx_word' id='word_1_201' title='bbox 906 2764 962 2828; x_wconf 86' lang='lat' dir='ltr'>tali</span> <span class='ocrx_word' id='word_1_202' title='bbox 984 2764 1142 2829; x_wconf 85' lang='lat' dir='ltr'>sententia</span> <span class='ocrx_word' id='word_1_203' title='bbox 1160 2766 1252 2845; x_wconf 74' lang='lat' dir='ltr'>usuc,</span> 
     </span>
     <span class='ocr_line' id='line_1_25' title="bbox 209 2864 1252 2956; baseline 0.001 -26"><span class='ocrx_word' id='word_1_204' title='bbox 209 2887 269 2956; x_wconf 88' lang='lat' dir='ltr'>pro</span> <span class='ocrx_word' id='word_1_205' title='bbox 287 2867 337 2930; x_wconf 82' lang='grc' dir='ltr'>σὺν</span> <span class='ocrx_word' id='word_1_206' title='bbox 358 2872 398 2952; x_wconf 79' lang='grc' dir='ltr'>τῷ</span> <span class='ocrx_word' id='word_1_207' title='bbox 419 2874 441 2930; x_wconf 70' lang='lat' dir='ltr'><strong><em>d</em></strong></span> <span class='ocrx_word' id='word_1_208' title='bbox 460 2892 511 2952; x_wconf 72' lang='grc' dir='ltr'><strong><em>γρ.</em></strong></span> <span class='ocrx_word' id='word_1_209' title='bbox 535 2865 700 2953; x_wconf 82' lang='lat' dir='ltr'>colligitur</span> <span class='ocrx_word' id='word_1_210' title='bbox 716 2864 870 2931; x_wconf 85' lang='lat' dir='ltr'>fimilibus</span> <span class='ocrx_word' id='word_1_211' title='bbox 893 2866 1048 2953; x_wconf 83' lang='lat' dir='ltr'>exemplis</span> <span class='ocrx_word' id='word_1_212' title='bbox 1067 2890 1097 2930; x_wconf 90' lang='lat' dir='ltr'>v.</span> <span class='ocrx_word' id='word_1_213' title='bbox 1114 2887 1145 2930; x_wconf 90' lang='lat' dir='ltr'>c.</span> <span class='ocrx_word' id='word_1_214' title='bbox 1167 2866 1252 2931; x_wconf 81' lang='lat' dir='ltr'>Dei.</span> 
     </span>
     <span class='ocr_line' id='line_1_26' title="bbox 209 2966 1252 3056; baseline -0.001 -21"><span class='ocrx_word' id='word_1_215' title='bbox 209 2968 304 3035; x_wconf 78' lang='lat' dir='ltr'>Orac.</span> <span class='ocrx_word' id='word_1_216' title='bbox 328 2990 362 3055; x_wconf 94' lang='lat' dir='ltr'>p.</span> <span class='ocrx_word' id='word_1_217' title='bbox 377 2988 453 3053; x_wconf 87' lang='lat'><strong>415.</strong></span> <span class='ocrx_word' id='word_1_218' title='bbox 478 2966 523 3032; x_wconf 87' lang='lat' dir='ltr'>C:</span> <span class='ocrx_word' id='word_1_219' title='bbox 550 2969 629 3053; x_wconf 67' lang='grc' dir='ltr'><strong>λέγει</strong></span> <span class='ocrx_word' id='word_1_220' title='bbox 654 2973 712 3054; x_wconf 75' lang='grc' dir='ltr'>γὰρ</span> <span class='ocrx_word' id='word_1_221' title='bbox 735 2971 762 3030; x_wconf 79' lang='grc' dir='ltr'>ἓν</span> <span class='ocrx_word' id='word_1_222' title='bbox 782 2971 825 3053; x_wconf 71' lang='grc' dir='ltr'>τῷ</span> <span class='ocrx_word' id='word_1_223' title='bbox 844 2973 891 3045; x_wconf 79' lang='grc' dir='ltr'>τῆς</span> <span class='ocrx_word' id='word_1_224' title='bbox 912 2970 1016 3043; x_wconf 79' lang='grc' dir='ltr'><strong><em>Ναΐδος</em></strong></span> <span class='ocrx_word' id='word_1_225' title='bbox 1034 2968 1172 3056; x_wconf 63' lang='grc' dir='ltr'>προσώπῳ</span> <span class='ocrx_word' id='word_1_226' title='bbox 1192 2970 1252 3034; x_wconf 88' lang='lat' dir='ltr'>ubi</span> 
     </span>
     <span class='ocr_line' id='line_1_27' title="bbox 208 3069 1253 3160; baseline 0 -26"><span class='ocrx_word' id='word_1_227' title='bbox 208 3069 301 3159; x_wconf 84' lang='lat' dir='ltr'>plura</span> <span class='ocrx_word' id='word_1_228' title='bbox 323 3071 516 3136; x_wconf 78' lang='lat' dir='ltr'>notabimus.</span> <span class='ocrx_word' id='word_1_229' title='bbox 560 3071 638 3135; x_wconf 83' lang='lat' dir='ltr'>Vita</span> <span class='ocrx_word' id='word_1_230' title='bbox 656 3072 793 3135; x_wconf 89' lang='lat' dir='ltr'>Homer.</span> <span class='ocrx_word' id='word_1_231' title='bbox 814 3070 846 3158; x_wconf 84' lang='lat'>§.</span> <span class='ocrx_word' id='word_1_232' title='bbox 864 3089 916 3155; x_wconf 81' lang='lat'>23.</span> <span class='ocrx_word' id='word_1_233' title='bbox 938 3092 970 3156; x_wconf 91' lang='lat' dir='ltr'>p.</span> <span class='ocrx_word' id='word_1_234' title='bbox 988 3076 1070 3156; x_wconf 80' lang='lat'><strong>296:</strong></span> <span class='ocrx_word' id='word_1_235' title='bbox 1095 3075 1122 3135; x_wconf 78' lang='lat' dir='ltr'>iv</span> <span class='ocrx_word' id='word_1_236' title='bbox 1136 3075 1195 3160; x_wconf 72' lang='grc' dir='ltr'>γὰρ</span> <span class='ocrx_word' id='word_1_237' title='bbox 1209 3083 1253 3156; x_wconf 73' lang='grc' dir='ltr'>τῷ</span> 
     </span>
     <span class='ocr_line' id='line_1_28' title="bbox 201 3172 1253 3263; baseline 0 -24"><span class='ocrx_word' id='word_1_238' title='bbox 201 3181 256 3239; x_wconf 68' lang='grc' dir='ltr'>τοῦ</span> <span class='ocrx_word' id='word_1_239' title='bbox 268 3173 430 3258; x_wconf 64' lang='grc' dir='ltr'>Ἡφαίστου</span> <span class='ocrx_word' id='word_1_240' title='bbox 445 3173 555 3256; x_wconf 72' lang='grc' dir='ltr'>ὀνόματι</span> <span class='ocrx_word' id='word_1_241' title='bbox 569 3174 600 3235; x_wconf 70' lang='grc' dir='ltr'>τὸ</span> <span class='ocrx_word' id='word_1_242' title='bbox 614 3178 668 3260; x_wconf 70' lang='lat' dir='ltr'>mig</span> <span class='ocrx_word' id='word_1_243' title='bbox 681 3172 771 3259; x_wconf 73' lang='grc' dir='ltr'><strong><em>λέγει.</em></strong></span> <span class='ocrx_word' id='word_1_244' title='bbox 802 3174 834 3256; x_wconf 78' lang='lat'>§.</span> <span class='ocrx_word' id='word_1_245' title='bbox 851 3174 922 3259; x_wconf 87' lang='lat'><strong>178.</strong></span> <span class='ocrx_word' id='word_1_246' title='bbox 937 3196 972 3261; x_wconf 88' lang='lat' dir='ltr'>p.</span> <span class='ocrx_word' id='word_1_247' title='bbox 981 3175 1063 3260; x_wconf 67' lang='lat'>380:</span> <span class='ocrx_word' id='word_1_248' title='bbox 1080 3177 1160 3261; x_wconf 71' lang='grc' dir='ltr'>ἓντῷ</span> <span class='ocrx_word' id='word_1_249' title='bbox 1174 3177 1253 3263; x_wconf 63' lang='lat' dir='ltr'>miro}</span> 
     </span>
     <span class='ocr_line' id='line_1_29' title="bbox 206 3273 867 3364; baseline -0.002 -22"><span class='ocrx_word' id='word_1_250' title='bbox 206 3276 344 3364; x_wconf 69' lang='grc' dir='ltr'>προσώπῳ</span> <span class='ocrx_word' id='word_1_251' title='bbox 359 3274 492 3338; x_wconf 79' lang='grc' dir='ltr'><strong><em>διδάσκει·</em></strong></span> <span class='ocrx_word' id='word_1_252' title='bbox 516 3273 596 3339; x_wconf 69' lang='lat' dir='ltr'>ilem</span> <span class='ocrx_word' id='word_1_253' title='bbox 612 3276 643 3358; x_wconf 54' lang='grc' dir='ltr'>ᾗ.</span> <span class='ocrx_word' id='word_1_254' title='bbox 656 3276 728 3360; x_wconf 83' lang='grc'><strong><em>185.</em></strong></span> <span class='ocrx_word' id='word_1_255' title='bbox 745 3298 778 3362; x_wconf 87' lang='lat' dir='ltr'>p.</span> <span class='ocrx_word' id='word_1_256' title='bbox 790 3277 867 3362; x_wconf 80' lang='lat'><strong>384.</strong></span> 
     </span>
    </p>

    <p class='ocr_par' dir='ltr' id='par_1_8' title="bbox 206 3374 1252 3774">
     <span class='ocr_line' id='line_1_30' title="bbox 249 3374 1252 3466; baseline 0.002 -24"><span class='ocrx_word' id='word_1_257' title='bbox 249 3378 328 3466; x_wconf 84' lang='lat'><strong>365.</strong></span> <span class='ocrx_word' id='word_1_258' title='bbox 345 3378 381 3442; x_wconf 85' lang='lat' dir='ltr'>F.</span> <span class='ocrx_word' id='word_1_259' title='bbox 395 3374 708 3463; x_wconf 66' lang='grc' dir='ltr'>Ἑρμαῖος-Ὄσιριν]</span> <span class='ocrx_word' id='word_1_260' title='bbox 733 3377 842 3465; x_wconf 80' lang='lat' dir='ltr'>Hujus</span> <span class='ocrx_word' id='word_1_261' title='bbox 856 3378 1094 3466; x_wconf 68' lang='lat' dir='ltr'>significationis</span> <span class='ocrx_word' id='word_1_262' title='bbox 1109 3377 1252 3445; x_wconf 75' lang='lat' dir='ltr'>rationes</span> 
     </span>
     <span class='ocr_line' id='line_1_31' title="bbox 207 3465 1250 3570; baseline 0 -23"><span class='ocrx_word' id='word_1_263' title='bbox 207 3482 324 3570; x_wconf 76' lang='lat' dir='ltr'>probat</span> <span class='ocrx_word' id='word_1_264' title='bbox 337 3478 539 3545; x_wconf 81' lang='lat' dir='ltr'>Jablonssrius</span> <span class='ocrx_word' id='word_1_265' title='bbox 553 3465 669 3545; x_wconf 80' lang='lat' dir='ltr'>Panth&#39;.</span> <span class='ocrx_word' id='word_1_266' title='bbox 685 3481 765 3568; x_wconf 84' lang='lat' dir='ltr'>AEg.</span> <span class='ocrx_word' id='word_1_267' title='bbox 781 3483 816 3546; x_wconf 90' lang='lat' dir='ltr'>P.</span> <span class='ocrx_word' id='word_1_268' title='bbox 833 3481 861 3544; x_wconf 89' lang='lat' dir='ltr'>I.</span> <span class='ocrx_word' id='word_1_269' title='bbox 876 3502 910 3567; x_wconf 93' lang='lat' dir='ltr'>p.</span> <span class='ocrx_word' id='word_1_270' title='bbox 926 3481 999 3563; x_wconf 85' lang='lat'><strong>148.</strong></span> <span class='ocrx_word' id='word_1_271' title='bbox 1015 3481 1178 3569; x_wconf 79' lang='lat' dir='ltr'>corrigens</span> <span class='ocrx_word' id='word_1_272' title='bbox 1192 3482 1250 3566; x_wconf 80' lang='grc' dir='ltr'>ὄμ-</span> 
     </span>
     <span class='ocr_line' id='line_1_32' title="bbox 206 3582 1251 3671; baseline 0.003 -24"><span class='ocrx_word' id='word_1_273' title='bbox 206 3584 295 3671; x_wconf 73' lang='grc' dir='ltr'>βριον,</span> <span class='ocrx_word' id='word_1_274' title='bbox 309 3582 366 3649; x_wconf 92' lang='lat' dir='ltr'>ubi</span> <span class='ocrx_word' id='word_1_275' title='bbox 375 3582 457 3648; x_wconf 76' lang='lat' dir='ltr'>¹alias</span> <span class='ocrx_word' id='word_1_276' title='bbox 470 3583 511 3649; x_wconf 89' lang='lat' dir='ltr'>de</span> <span class='ocrx_word' id='word_1_277' title='bbox 525 3582 651 3671; x_wconf 82' lang='lat' dir='ltr'>origine</span> <span class='ocrx_word' id='word_1_278' title='bbox 666 3596 699 3648; x_wconf 91' lang='lat' dir='ltr'>et</span> <span class='ocrx_word' id='word_1_279' title='bbox 715 3583 848 3648; x_wconf 89' lang='lat' dir='ltr'>notione</span> <span class='ocrx_word' id='word_1_280' title='bbox 860 3583 959 3671; x_wconf 82' lang='lat' dir='ltr'>hujus</span> <span class='ocrx_word' id='word_1_281' title='bbox 978 3584 1118 3650; x_wconf 79' lang='lat' dir='ltr'>nominis</span> <span class='ocrx_word' id='word_1_282' title='bbox 1138 3583 1251 3671; x_wconf 89' lang='lat' dir='ltr'>opini-</span> 
     </span>
     <span class='ocr_line' id='line_1_33' title="bbox 206 3685 1252 3774; baseline -0.001 -20"><span class='ocrx_word' id='word_1_283' title='bbox 206 3708 285 3754; x_wconf 77' lang='lat' dir='ltr'>ones</span> <span class='ocrx_word' id='word_1_284' title='bbox 307 3685 460 3774; x_wconf 83' lang='lat' dir='ltr'>exponit:</span> <span class='ocrx_word' id='word_1_285' title='bbox 484 3685 601 3772; x_wconf 88' lang='lat' dir='ltr'>quibus</span> <span class='ocrx_word' id='word_1_286' title='bbox 619 3685 811 3751; x_wconf 88' lang='lat' dir='ltr'>adhibeatur</span> <span class='ocrx_word' id='word_1_287' title='bbox 828 3687 963 3752; x_wconf 90' lang='lat' dir='ltr'>omnino</span> <span class='ocrx_word' id='word_1_288' title='bbox 976 3686 1134 3752; x_wconf 86' lang='lat' dir='ltr'>Tewateri</span> <span class='ocrx_word' id='word_1_289' title='bbox 1153 3688 1252 3753; x_wconf 83' lang='lat' dir='ltr'>nostri</span> 
     </span>
    </p>

    <p class='ocr_par' dir='ltr' id='par_1_9' title="bbox 179 3787 1252 4183">
     <span class='ocr_line' id='line_1_34' title="bbox 179 3787 1252 3877; baseline -0.007 -17"><span class='ocrx_word' id='word_1_290' title='bbox 179 3856 181 3860; x_wconf 81' lang='grc'>,</span> <span class='ocrx_word' id='word_1_291' title='bbox 205 3790 373 3856; x_wconf 76' lang='lat' dir='ltr'>annotatio</span> <span class='ocrx_word' id='word_1_292' title='bbox 387 3788 428 3854; x_wconf 86' lang='lat' dir='ltr'>ad</span> <span class='ocrx_word' id='word_1_293' title='bbox 439 3788 615 3856; x_wconf 84' lang='lat' dir='ltr'>Jablonllrii</span> <span class='ocrx_word' id='word_1_294' title='bbox 631 3787 768 3853; x_wconf 70' lang='lat' dir='ltr'>Collect.</span> <span class='ocrx_word' id='word_1_295' title='bbox 779 3791 863 3854; x_wconf 91' lang='lat' dir='ltr'>Voc.</span> <span class='ocrx_word' id='word_1_296' title='bbox 875 3790 953 3877; x_wconf 82' lang='lat' dir='ltr'>AEg.</span> <span class='ocrx_word' id='word_1_297' title='bbox 969 3811 1003 3876; x_wconf 94' lang='lat' dir='ltr'>p.</span> <span class='ocrx_word' id='word_1_298' title='bbox 1017 3789 1089 3854; x_wconf 87' lang='lat'>188.</span> <span class='ocrx_word' id='word_1_299' title='bbox 1114 3790 1252 3875; x_wconf 72' lang='grc' dir='ltr'>Ἑρμαῖος</span> 
     </span>
     <span class='ocr_line' id='line_1_35' title="bbox 207 3889 1250 3980; baseline 0.002 -23"><span class='ocrx_word' id='word_1_300' title='bbox 207 3912 227 3957; x_wconf 79' lang='grc' dir='ltr'>ι</span> <span class='ocrx_word' id='word_1_301' title='bbox 241 3890 413 3957; x_wconf 85' lang='lat' dir='ltr'>Plutarcho</span> <span class='ocrx_word' id='word_1_302' title='bbox 428 3891 581 3978; x_wconf 89' lang='lat' dir='ltr'>scriptum</span> <span class='ocrx_word' id='word_1_303' title='bbox 597 3890 670 3971; x_wconf 82' lang='lat' dir='ltr'>effe,</span> <span class='ocrx_word' id='word_1_304' title='bbox 684 3889 793 3977; x_wconf 87' lang='lat' dir='ltr'>arguit</span> <span class='ocrx_word' id='word_1_305' title='bbox 807 3890 892 3955; x_wconf 91' lang='lat' dir='ltr'>idem</span> <span class='ocrx_word' id='word_1_306' title='bbox 910 3914 1029 3956; x_wconf 91' lang='lat' dir='ltr'>nomen</span> <span class='ocrx_word' id='word_1_307' title='bbox 1044 3891 1197 3957; x_wconf 79' lang='lat' dir='ltr'>iteratum</span> <span class='ocrx_word' id='word_1_308' title='bbox 1214 3914 1250 3980; x_wconf 94' lang='lat' dir='ltr'>p.</span> 
     </span>
     <span class='ocr_line' id='line_1_36' title="bbox 204 3993 1252 4082; baseline 0 -22"><span class='ocrx_word' id='word_1_309' title='bbox 204 3995 283 4082; x_wconf 88' lang='grc'><strong><em>368.</em></strong></span> <span class='ocrx_word' id='word_1_310' title='bbox 303 3997 342 4059; x_wconf 91' lang='grc' dir='ltr'>Β.</span> <span class='ocrx_word' id='word_1_311' title='bbox 386 3993 475 4058; x_wconf 85' lang='lat' dir='ltr'>Alibi</span> <span class='ocrx_word' id='word_1_312' title='bbox 506 3993 693 4080; x_wconf 81' lang='lat' dir='ltr'>scriptorem</span> <span class='ocrx_word' id='word_1_313' title='bbox 723 4015 788 4058; x_wconf 90' lang='lat' dir='ltr'>non</span> <span class='ocrx_word' id='word_1_314' title='bbox 817 4009 1032 4058; x_wconf 87' lang='lat' dir='ltr'>memoratum</span> <span class='ocrx_word' id='word_1_315' title='bbox 1058 3993 1252 4081; x_wconf 83' lang='lat' dir='ltr'>reperimur.</span> 
     </span>
     <span class='ocr_line' id='line_1_37' title="bbox 205 4094 1252 4183; baseline -0.003 -20"><span class='ocrx_word' id='word_1_316' title='bbox 205 4098 249 4163; x_wconf 84' lang='lat' dir='ltr'>Et</span> <span class='ocrx_word' id='word_1_317' title='bbox 267 4095 355 4183; x_wconf 92' lang='lat' dir='ltr'>quod</span> <span class='ocrx_word' id='word_1_318' title='bbox 377 4094 519 4161; x_wconf 81' lang='lat' dir='ltr'>Reiskius</span> <span class='ocrx_word' id='word_1_319' title='bbox 543 4095 761 4182; x_wconf 84' lang='lat' dir='ltr'>suspicabatur</span> <span class='ocrx_word' id='word_1_320' title='bbox 781 4095 932 4161; x_wconf 88' lang='lat' dir='ltr'>eumdem</span> <span class='ocrx_word' id='word_1_321' title='bbox 954 4095 1016 4161; x_wconf 84' lang='lat' dir='ltr'>else</span> <span class='ocrx_word' id='word_1_322' title='bbox 1038 4097 1252 4177; x_wconf 74' lang='lat' dir='ltr'>Hermeam‚·a</span> 
     </span>
    </p>
   </div>
   <div class='ocr_carea' id='block_1_6' title="bbox 205 4196 1253 4386">
    <p class='ocr_par' dir='ltr' id='par_1_10' title="bbox 205 4196 1253 4386">
     <span class='ocr_line' id='line_1_38' title="bbox 206 4196 1251 4285; baseline -0.001 -20"><span class='ocrx_word' id='word_1_323' title='bbox 206 4197 323 4265; x_wconf 83' lang='lat' dir='ltr'>Photlo</span> <span class='ocrx_word' id='word_1_324' title='bbox 340 4209 551 4262; x_wconf 87' lang='lat' dir='ltr'>memoratum</span> <span class='ocrx_word' id='word_1_325' title='bbox 568 4197 755 4283; x_wconf 88' lang='lat' dir='ltr'>scriptorem</span> <span class='ocrx_word' id='word_1_326' title='bbox 770 4220 877 4262; x_wconf 91' lang='lat' dir='ltr'>rerum</span> <span class='ocrx_word' id='word_1_327' title='bbox 895 4196 1006 4285; x_wconf 83' lang='lat' dir='ltr'>patriae</span> <span class='ocrx_word' id='word_1_328' title='bbox 1022 4197 1086 4262; x_wconf 84' lang='lat' dir='ltr'>suae</span> <span class='ocrx_word' id='word_1_329' title='bbox 1103 4199 1251 4264; x_wconf 91' lang='lat' dir='ltr'>Hermo·</span> 
     </span>
     <span class='ocr_line' id='line_1_39' title="bbox 205 4297 1253 4386; baseline 0.002 -22"><span class='ocrx_word' id='word_1_330' title='bbox 205 4297 298 4386; x_wconf 88' lang='lat' dir='ltr'>polis,</span> <span class='ocrx_word' id='word_1_331' title='bbox 314 4297 398 4364; x_wconf 93' lang='lat' dir='ltr'>Cod.</span> <span class='ocrx_word' id='word_1_332' title='bbox 416 4299 667 4366; x_wconf 83' lang='lat' dir='ltr'><strong>CCLXXVIII.</strong></span> <span class='ocrx_word' id='word_1_333' title='bbox 683 4321 716 4385; x_wconf 93' lang='lat' dir='ltr'>p.</span> <span class='ocrx_word' id='word_1_334' title='bbox 732 4301 824 4386; x_wconf 88' lang='lat'><strong>1596.</strong></span> <span class='ocrx_word' id='word_1_335' title='bbox 841 4299 965 4364; x_wconf 90' lang='lat' dir='ltr'>videtur</span> <span class='ocrx_word' id='word_1_336' title='bbox 980 4298 1006 4364; x_wconf 83' lang='lat' dir='ltr'>is</span> <span class='ocrx_word' id='word_1_337' title='bbox 1021 4298 1173 4386; x_wconf 82' lang='lat' dir='ltr'>posterior</span> <span class='ocrx_word' id='word_1_338' title='bbox 1187 4301 1253 4367; x_wconf 84' lang='lat' dir='ltr'>effe</span> 
     </span>
    </p>
   </div>
   <div class='ocr_carea' id='block_1_7' title="bbox 0 0 1362 4770">
    <p class='ocr_par' dir='ltr' id='par_1_11' title="bbox 0 0 1362 4770">
     <span class='ocr_line' id='line_1_40' title="bbox 0 0 1362 4770; baseline 0 1"><span class='ocrx_word' id='word_1_339' title='bbox 0 0 1362 4770; x_wconf 95' lang='lat' dir='ltr'> </span> 
     </span>
    </p>
   </div>
  </div>
 </body>
</html>
