2714 4770
231 382 289 426 ιω
370 362 409 424 u.
430 363 479 422 w.
501 355 698 427 tument.
720 336 765 421 in
787 360 1022 422 rnurnncur
1042 360 1120 420 mn.

226 531 366 606 τοννσφᾶς
379 517 470 611 &erp
484 524 543 611 περὶ
558 522 631 612 ἕρμα
645 521 727 588 irrui
727 548 824 601 ντσαν,
838 528 893 586 τοῖν
880 518 956 585 ννὲ
958 523 989 584 τὸ
1007 522 1132 584 ναοτοκὲν
1153 522 1267 582 ἀπολα-

169 687 170 691 ,
227 628 315 694 λὲκτν.
360 615 513 694 Universe
532 639 624 692 notat
633 624 872 713 firmamentum,
883 621 1034 712 fiderunt,
1053 619 1265 685 retinaculum:

230 729 307 796 binc
322 741 356 795 et
358 703 521 816 suburram
536 729 626 792 navis
637 726 777 816 τομαῖον,
790 726 960 814 crepidines,
975 724 1057 789 infra
1070 721 1268 809 superficiem

230 831 326 898 marie
340 831 477 898 latentes
478 830 645 920 ‚.·scopnlos
660 845 697 896 ut
711 830 799 905 lere
791 843 980 918 rnterpretes
994 827 1145 894 hocloco
1159 823 1268 892 reddi·

230 934 366 1001 derunt:
390 933 443 1000 sed
456 935 535 1000 V11.
550 936 627 1021 Sap.
644 933 776 1000 Conviv.
790 955 823 1021 p.
841 934 913 1019 163.
930 932 974 997 A.
988 930 1078 996 reddi
1093 930 1195 1016 potest
1199 930 1269 1015 sta·

231 1038 282 1117 lie,
304 1049 342 1102 ut
363 1036 441 1103 fecit
462 1035 639 1125 Xylander‚
658 1036 713 1102 sed
732 1049 766 1105 et
774 1039 905 1123 septum,
921 1058 1028 1122 agger.
1071 1034 1138 1098 Dio
1154 1032 1269 1122 Chrys.
1336 1029 1338 1037 ’

232 1140 290 1206 Οῐ.
308 1139 371 1203 III.
392 1161 426 1226 p.
441 1153 497 1223 47.
517 1137 568 1204 Ct
590 1143 631 1224 τῷ
651 1139 679 1201 li
701 1139 847 1227 κυβερνήτῃ
871 1136 980 1223 ἀνάγκη
1000 1136 1051 1219 priv
1072 1140 1137 1224 ἕρᾷν
1156 1136 1222 1222 epit
1239 1135 1270 1198 vi

231 1239 494 1326 τὲλαγος-οὲμῆν
509 1240 567 1304 otti
580 1243 659 1303 τὰὲν
645 1246 798 1326 νοοτῷ
723 1241 798 1328 βυθῷ
807 1243 978 1328 χρῆλαναν
917 1238 1015 1304 νὲίτντον
1023 1239 1104 1301 αὐτὸν
1106 1236 1272 1317 ,iniceret

87 1361 93 1373 ’
231 1346 383 1430 προτοσοῖν
402 1343 516 1426 ὑφάλους
535 1343 659 1432 τὲτραος,
673 1342 813 1422 ἕοὲδῆλοος
831 1343 943 1472 ἕρμασι.
980 1343 1036 1407 Or.
1053 1340 1132 1406 XH.
1148 1362 1182 1427 p.
1198 1356 1272 1423 217.

234 1444 285 1511 C.
308 1447 416 1533 στερεὸν
430 1444 502 1533 ἕρμα
515 1445 691 1534 legendum
706 1467 766 1532 pro
779 1447 887 1532 στερεὸν
901 1443 1006 1530 ἕργμα.
1034 1440 1272 1529 Harpocration

230 1545 352 1634 Ερμοὲς
375 1544 478 1628 epatre
490 1544 590 1633 elepa·
613 1547 664 1611 vin
677 1545 813 1612 dubium
828 1545 906 1634 quin
924 1545 961 1610 fit
979 1543 1102 1610 librarii
1114 1564 1202 1608 error
1215 1564 1273 1630 pro

227 1646 337 1736 Ἕρμα.
382 1647 576 1735 Hesychiu8‚
584 1643 733 1734 Ἕμματον·
735 1645 1000 1732 -ὅφαλοοτὲτρου,
1043 1648 1081 1710 ln
1097 1644 1190 1709 fimili
1203 1643 1273 1709 sen·

235 1748 339 1814 tentia
359 1747 632 1836 comparationem
655 1749 772 1835 ἕρματος
792 1748 896 1815 omifit
915 1747 1006 1814 Philo
1021 1746 1096 1813 tud.
1110 1747 1163 1812 De
1178 1747 1273 1812 Som-

235 1850 298 1918 niie
319 1872 352 1940 p.
372 1853 465 1921 1128.
481 1854 531 1918 D:
555 1857 582 1917 iv
603 1855 703 1928 αὐτοῖς
718 1861 766 1918 τοῦ
780 1852 843 1934 βὲου
859 1857 921 1930 ταῖς
940 1855 1058 1937 δυσμαῖς
1078 1849 1275 1930 licerium,

235 1952 252 2032 ἣ
273 1955 334 2042 περὶ
355 1962 489 2040 γλὲνττονν
509 1952 615 2043 ἔθορον,
631 1953 721 2042 impl
740 1955 871 2046 γαστὲμα
890 1953 1043 2034 ἄπληστον,
1058 1953 1147 2042 impl
1162 1955 1211 2030 τὴν
1223 1959 1276 2016 τῶν

236 2055 431 2142 ὑπογαστρίων
445 2056 588 2144 ἀκράτορα
602 2057 760 2144 λαγνείαν.
785 2057 840 2123 Ad
854 2056 1001 2123 eamdem
1016 2055 1173 2122 rationem
1188 2053 1275 2119 acci·

238 2157 375 2246 piendue
394 2159 499 2246 Lyfiae
520 2158 607 2245 apud
629 2160 753 2225 Athen.
773 2161 870 2225 XIII.
891 2182 925 2247 p.
940 2161 1015 2226 612.
1033 2159 1086 2224 D:
1109 2158 1169 2246 τορὶ
1181 2163 1276 2220 τοῦτον

237 2261 286 2324 τὸν
301 2260 423 2338 κάπηλον
435 2262 471 2335 οὲς
483 2261 542 2346 περὶ
557 2258 661 2339 στήλην
675 2259 880 2346 διαφονὲρονταο.
909 2262 961 2326 De
975 2259 1036 2326 bae
1051 2258 1184 2325 notione
1198 2257 1279 2323 dixit

239 2359 406 2433 Fischerue
427 2360 468 2426 ad
490 2362 702 2426 Anacreontis
722 2366 849 2450 Fragm.
873 2363 1068 2428 XXXVIII.
1089 2384 1122 2449 p.
1141 2378 1220 2448 372.
1237 2359 1278 2425 de

240 2460 352 2528 eadem
367 2475 401 2528 et
415 2462 485 2541 aliie
501 2463 519 2527 s
521 2462 783 2550 gnificationibue
796 2463 913 2549 ἕρματος
928 2464 1049 2529 notavit
1064 2462 1214 2551 quaedam
1232 2464 1276 2527 H.

240 2563 423 2653 Stephanus
435 2564 531 2630 Thes
549 2566 607 2630 Gr.
621 2568 659 2631 L.
673 2567 713 2631 T.
729 2568 756 2631 I.
772 2587 806 2652 p.
824 2586 918 2651 1143.
955 2567 1102 2632 Alteram
1119 2564 1278 2651 illamfir·

240 2666 380 2733 merenti
399 2681 434 2734 et
445 2668 557 2756 fivlcrv',
581 2669 799 2758 compluribus
821 2669 1044 2736 tralationibus
1065 2669 1279 2781 frequentem,

240 2770 316 2837 nlibi
330 2771 540 2860 attingemus.

283 2893 359 2963 319.
370 2876 406 2955 F.
421 2873 892 2962 Λὲγτταοδὶτολλῆς-μοταβασον
901 2875 1082 2964 τροςαυτὲν.]
1097 2871 1280 2942 Eademree

241 2975 352 3042 iisdem
366 2976 433 3043 fere
447 2976 550 3043 verbis
569 2992 747 3045 narratura
763 2979 935 3046 Plutarcho
949 2979 982 3045 in
998 2980 1079 3061 Ant.
1095 3000 1129 3065 p.
1142 2997 1219 3067 930.
1234 2977 1279 3042 D.

132 3166 135 3170 .
284 3100 316 3165 p.
330 3097 408 3166 320.
423 3079 551 3164 A—F.]
568 3081 651 3146 Hac
666 3081 825 3147 rhetorice
837 3082 900 3146 boc
914 3081 988 3147 loco
1001 3080 1163 3169 explicita,
1178 3077 1281 3168 magio

242 3177 390 3244 historice
404 3196 574 3247 narrantur
586 3183 619 3246 ln
636 3182 713 3248 Vita
730 3183 856 3250 Romuli
873 3206 906 3271 p.
920 3203 1056 3270 19-21.
1086 3185 1148 3250 Res
1162 3181 1281 3248 decan·

242 3290 329 3375 tata:
352 3281 470 3368 partim
492 3305 564 3348 eam
586 3283 754 3371 attigimus
777 3284 898 3351 Quaest.
919 3287 1014 3352 Rom.
1029 3284 1087 3349 τοτ’.
1103 3305 1136 3373 p.
1151 3285 1227 3352 268.
1241 3285 1281 3349 Ε.

243 3381 283 3446 ’ἕο
297 3380 432 3447 fratrum
446 3383 527 3465 satu,
540 3397 577 3450 ut
591 3384 624 3450 in
640 3376 804 3466 Herculio,
815 3385 947 3475 longam
962 3387 1091 3453 nollem
1106 3402 1140 3452 et
1153 3385 1282 3472 eclipfin

243 3484 346 3567 fluisse,
362 3486 440 3552 item
461 3487 659 3553 rhetoricum
680 3489 736 3568 est,
757 3502 790 3555 et
810 3488 907 3556 luerit
926 3489 1101 3576 proditum,
1115 3501 1155 3555 ut
1169 3487 1285 3554 alinde

244 3586 308 3656 hoc
322 3603 410 3672 ortu,
424 3606 534 3656 temen
548 3592 589 3656 ab
604 3590 770 3670 historicis,
786 3613 827 3657 ne
841 3591 1036 3670 utfabulam
1051 3591 1197 3680 quidem,
1214 3613 1284 3657 me·

244 3705 402 3759 moratam
425 3693 642 3759 meminimus.
687 3693 784 3782 Quod
801 3692 949 3783 vulgatur
962 3692 1134 3779 τιροὲττοξτ,
1149 3694 1288 3780 probum
1323 3709 1328 3717 ·

244 3810 278 3883 et
292 3798 333 3863 eb
348 3795 499 3862 omnibus
516 3794 605 3862 librie
629 3794 790 3861 firmatum
792 3810 955 3883 ,excepto
972 3792 1153 3876 Petaviano',
1168 3817 1209 3860 ex
1221 3817 1289 3882 quo

245 3912 435 3965 annotatum
458 3899 502 3964 est
523 3925 583 3986 τορο
574 3896 691 3978 οὲστηξο·
717 3898 804 3985 quod
826 3897 925 3965 miror
944 3898 1093 3987 placuisse
1112 3897 1289 3964 Abmschio

245 4000 390 4067 Dilucid.
405 3999 556 4090 Thucyd.
548 4023 606 4088 p.
620 4002 696 4087 562.
742 3999 918 4066 ibidem
880 4027 935 4066 rev
949 4000 1289 4084 σκὲμνανὲτολαλὲτοον,

244 4104 313 4221 miri
326 4128 381 4190 χρ.
372 4102 584 4169 .concinniue
601 4101 648 4183 lit,
658 4127 687 4166 τ.
703 4106 788 4166 rel
768 4107 915 4191 amelrfi,
926 4130 982 4190 χρ.

287 4216 364 4290 320.¹
381 4206 415 4269 F.
439 4201 678 4289 Θιμνστοκλὲους]
704 4202 898 4269 Notavimus
919 4205 1040 4293 Quaest.
1063 4206 1160 4272 Rom.
1182 4205 1233 4273 τοτ’.
1255 4227 1289 4294 p.

135 4360 141 4401 5
169 4369 174 4402 Γ
247 4319 325 4394 270.
336 4306 373 4372 Β.
412 4305 472 4370 Pro
486 4303 876 4456 ἕστὲρανΒᾶοἴῦσττροον
813 4305 886 4371 οο.ἕαν
