2714 4770
193 353 248 415 DE
269 352 430 423 VlRTUT.
451 352 716 426 ualeamus,
735 374 766 434 p.
783 370 850 431 249.
864 354 1001 434 Ill-251.
1013 354 1049 413 A.
1102 372 1134 413 11

107 513 237 591 Οἰοιιονι
256 512 312 588 lita
330 513 364 580 iu
382 512 612 591 recentioribua
625 534 733 585 rerum
747 512 875 581 suarum
890 511 924 579 in
939 511 1051 607 primia
1066 511 1141 581 dili·
1210 574 1212 576 ,

104 628 240 703 gentem
256 637 294 682 ac
306 614 439 687 dotium
460 613 576 682 habuit
592 627 807 681 enarratorem
826 614 1024 682 Iarcherum
1037 614 1071 679 in
1085 615 1142 690 In·

104 716 178 793 dice
193 717 421 805 Geogrnphico
435 716 596 794 Herodoti
611 719 705 789 Tom.
719 717 816 786 VIII.
830 740 864 806 p.
883 736 956 804 132·
1041 723 1049 739 '

150 838 225 906 249.
240 820 280 887 E,
304 819 355 905 ιγ’.
376 817 597 904 cumaea]
624 819 735 886 Potius
757 818 994 888 inscribendum
1014 819 1142 904 Ἀμφιτ-

106 925 196 1002 οιτῖοι,
217 921 267 991 vel
288 921 417 1007 Λοκρούς
440 919 595 1009 fiquidem
615 920 679 986 hoc
699 921 782 989 bene
803 919 927 991 facium
943 919 1007 988 fuit
1027 919 1144 997 luctum

107 1046 185 1114 erga
212 1022 369 1090 Phocidea
396 1022 560 1104 mulieres,
589 1022 706 1110 quibua
735 1023 984 1090 accensebautur
1010 1022 1145 1113 Delphi.

108 1127 245 1214 Thyades
269 1126 320 1192 vel
343 1148 383 1191 ex
405 1126 588 1214 vulgaribus
608 1124 697 1195 libris
718 1125 792 1193 latis
813 1127 955 1215 cognite
976 1126 1061 1193 sunt.
1105 1128 1145 1197 Iu

108 1228 323 1319 Delphicamm
345 1227 502 1314 Thyadum
527 1250 662 1295 numero
687 1242 757 1303 erat
781 1228 847 1317 ipsa
868 1228 959 1308 Clea,
984 1227 1146 1318 adquam

107 1331 161 1398 hic
180 1331 263 1405 liber
284 1329 419 1419 scriptun
440 1330 500 1397 est:
525 1344 562 1397 ut
582 1329 730 1398 novimus
751 1353 791 1398 ex
811 1330 880 1421 ipso
902 1330 1075 1400 Plutarcho
1092 1333 1146 1401 De

108 1434 180 1501 Ifid.
201 1446 236 1499 et
255 1433 335 1499 Osrr.
350 1454 385 1520 p.
399 1433 476 1519 3⁶4·
491 1433 532 1497 E.
555 1431 612 1519 qui
630 1431 746 1499 harum
765 1455 904 1513 errorem
926 1432 993 1500 fere
1012 1432 1146 1511 fimilem

108 1548 227 1616 narrat,
242 1535 296 1600 De
311 1534 417 1601 Primo
431 1533 552 1623 Frigid.
566 1556 601 1622 p.
615 1553 692 1621 953.
707 1533 748 1601 C.

151 1660 184 1725 p.
207 1656 281 1722 250.
300 1636 344 1702 A.
369 1635 412 1702 ιδ’.
437 1640 646 1702 ΟῬΑΛΕΡΙΑ
666 1639 739 1711 KAI
763 1637 952 1725 KAOIAIA]
978 1635 1148 1724 Polyaeuue

108 1738 278 1828 separatim
296 1736 422 1804 Cloelia
436 1737 561 1805 facinus
576 1737 713 1804 breviter
726 1736 838 1804 retulit
850 1738 947 1805 VIII.
962 1757 1017 1826 31.
1055 1738 1145 1811 Plut·
1226 1726 1229 1731 ’

106 1841 224 1910 archus
244 1853 474 1929 argumentum
496 1838 594 1927 hujua
612 1839 727 1927 capitis
749 1838 883 1926 subinde
905 1839 1016 1911 iisdem
1031 1835 1152 1933 verbie,'
1257 1883 1261 1891 -

108 1957 222 2021 temen
240 1943 283 2008 ad
304 1942 405 2009 totius
428 1940 497 2030 ejus
519 1943 674 2029 temporie
693 1940 928 2009 enarrationem
947 1941 1149 2029 dispertitum

109 2045 295 2133 persecutus
310 2044 343 2108 in
357 2042 437 2109 vna
451 2041 625 2107 Publicolae
640 2064 674 2130 p.
692 2044 765 2121 106,
784 2057 857 2127 107.
900 2043 934 2111 A
949 2041 1062 2109 multis
1079 2043 1149 2121 aliie

110 2145 294 2211 celebratur
310 2142 404 2242 Livio
426 2144 469 2208 11.
494 2162 547 2229 ¹3·
577 2141 733 2231 Dionyfio
754 2142 832 2208 Hal.
852 2144 896 2211 A.
913 2145 953 2210 R.
967 2145 1010 2210 V.
1025 2163 1079 2235 3ο.
1092 2162 1149 2230 33.
1242 2222 1245 2229 .

109 2246 218 2315 Valer.
239 2246 331 2312 Max.
355 2246 419 2311 ΙΙΙ.
436 2265 468 2325 2,
483 2264 515 2324 2.
542 2247 665 2312 Seneca
680 2245 811 2312 Consol.
826 2244 868 2312 ad
880 2244 1039 2326 Marciam
1055 2246 1149 2323 xv1.
1197 2331 1202 2339 .

110 2372 143 2438 p,
168 2366 242 2434 170.
276 2348 389 2414 Plorue
411 2349 439 2414 I.
464 2367 515 2413 10.
554 2347 706 2415 Aurelius
727 2346 842 2415 Vidor
862 2349 914 2415 Dc
937 2347 1009 2417 Vir.
1034 2347 1149 2417 lllullr.
1277 2358 1300 2374 ²

154 2565 230 2636 250.
244 2552 283 2617 E.
297 2550 409 2636 ἔφιππος
423 2551 501 2617 2le
513 2554 643 2638 γυναικὸς
658 2554 701 2618 tal
714 2557 761 2628 τῆς
775 2553 834 2617 ὁδοῦ
847 2555 895 2628 τῆς
912 2551 1039 2639 ἶοροῖς-]
1058 2549 1149 2617 Plut-

111 2652 228 2719 archus
254 2653 377 2721 Public.
404 2677 437 2744 p.
464 2670 537 2739 107.
579 2655 687 2722 Livius
714 2654 760 2721 11.
786 2673 838 2742 13.
883 2652 1003 2721 Plinius
1028 2655 1076 2721 H.
1100 2654 1137 2720 Ν
1140 2699 1150 2728 .

112 2756 272 2822 XXXIV.
290 2777 341 2844 13.
358 2806 360 2811 ,

156 2858 283 2941 250.r.
299 2858 839 2943 10‘.M1KKAKA1MEr12m-]
855 2855 1151 2946 Hujuslnistotimi

112 2968 147 3022 et
160 2957 311 3022 Eleorum
324 2958 517 3047 tyrannidis,
533 2981 592 3024 nec
607 2971 716 3024 tamen
730 2958 846 3026 harum
862 2957 1048 3037 mulierum,
1060 2979 1151 3024 men·

113 3058 236 3125 tionem
252 3060 376 3126 faciunt
391 3059 569 3142 Pausanias,
583 3063 626 3126 V.
640 3074 675 3149 5.
692 3073 727 3126 et
746 3059 889 3127 Jullinus
903 3060 1035 3127 XXVI.
1049 3079 1076 3124 1.
1094 3057 1152 3125 ubi

111 3176 203 3228 vetus
217 3162 330 3228 vitium
347 3163 622 3253 Epiruma-urbs
635 3163 825 3251 Bongarfius
840 3161 1065 3252 corrigendum
1079 3184 1152 3228 mo-
1195 3160 1200 3171 ’

112 3265 186 3332 nteit
208 3264 242 3330 in
263 3265 532 3337 Eleorum-urbs.
575 3266 763 3354 Antigonus
784 3268 828 3333 est
850 3269 1007 3348 Gonatae,
1030 3264 1152 3354 Pyrrho

112 3365 296 3446 interfecto,
332 3368 585 3454 Peloponnesum
618 3367 780 3433 obtinens.
835 3367 958 3435 Retulit
987 3365 1153 3451 Simlonue

114 3468 238 3544 Chron-
253 3468 295 3536 ad
310 3471 444 3558 Olymp.
462 3470 636 3537 CXXVII.
651 3489 685 3556 3.
700 3470 743 3536 A.
760 3470 802 3536 G.
819 3473 894 3538 268.

156 3593 189 3658 p.
207 3586 280 3656 251.
298 3573 340 3638 A.
362 3575 405 3649 τὶς
424 3581 478 3638 τῶν
498 3573 557 3660 περὶ
578 3573 625 3637 τὸν
642 3571 769 3660 τύραννον
784 3575 908 3658 ξιναγῶν
922 3571 1008 3655 ὄνομα
1021 3569 1148 3656 Λεύκιος]

114 3673 214 3740 Haud
228 3673 292 3739 scio
305 3696 346 3740 an
361 3674 448 3740 idem
467 3675 503 3742 fit
516 3673 634 3763 ‘quem,
652 3676 728 3740 teste
748 3674 861 3741 Telete
882 3672 968 3762 apud
985 3674 1153 3740 Stobaeum

114 3775 267 3863 Florileg.
290 3778 485 3843 XXXVIII.
507 3800 541 3866 p.
564 3797 639 3864 231.
669 3775 796 3864 Stilpon
815 3775 1012 3867 Megarenfie
1025 3769 1151 3841 memo·

114 3870 197 3953 ravit
217 3889 256 3944 ut
277 3877 404 3945 exulem
424 3901 544 3968 magna
557 3879 687 3944 fortuna
700 3877 839 3966 potitum
855 3877 960 3971 gratia
972 3874 1151 3964 Antigonia

113 3982 230 4054 Λυκῖνος
251 3984 349 4056 ἰκτῖνος
371 3984 402 4044 οὐ
422 3983 487 4067 παρ’
508 3985 572 4063 ἡμῖν
593 3980 711 4070 ἐφρούρει
733 3982 826 4067 φυγὰς
843 3977 879 4042 clv
896 3981 928 4044 lx
948 3984 995 4058 τῆς
1013 3974 1152 4058 Ἰταλίας,

113 4082 305 4166 emmim
333 4086 408 4172 παρ’·
424 4083 578 4170 Ἀντιγόνῳ
585 4107 596 4164 3
627 4084 676 4148 καὶ
699 4081 731 4147 ti
755 4081 992 4172 προσταττόμενον
1015 4084 1155 4164 ἐποιοῦμεν

115 4181 226 4271 Λυκίνῳ
239 4189 315 4269 ἡμεῖς
334 4189 362 4249 lv
384 4191 417 4272 ni
437 4185 491 4273 usp
509 4182 643 4269 μένοντες.
666 4210 669 4214 ·
688 4184 784 4265 Unde
799 4183 983 4274 colligimus
997 4182 1173 4290 indicium

116 4286 157 4360 de
177 4301 274 4356 etate
294 4289 426 4369 Teletis,
449 4311 546 4378 quem
571 4287 730 4377 aqualem
749 4302 806 4362 aut
827 4289 994 4379 supparem
1014 4286 1154 4377 Stilponi
