2714 4770
320 331 378 390 uu
399 331 507 391 1stuu
527 332 580 391 ΕΤ
601 331 776 391 osuuuu.
799 330 967 410 p.353.1›‚
984 330 1020 388 u.
1139 347 1193 408 175

148 492 331 582 usurpatur,
355 506 393 556 ut
414 491 585 557 ostendunt
607 490 792 580 Stephanus
811 470 906 556 Thes.
927 493 967 555 L.
990 492 1049 555 Gr.
1071 489 1145 555 Ind.
1164 513 1199 578 p.

146 597 225 679 485.
271 596 403 660 Scottus
425 594 579 682 Append.
598 595 715 681 quibus
733 594 816 659 adde
837 593 947 658 Iocum
969 593 1090 658 Teletis
1110 593 1198 680 apud

149 699 317 764 Stobaeum
334 721 368 784 p.
382 713 460 783 575.
491 700 582 762 Mez.
598 697 731 762 Salmas.
747 697 825 785 Xyl.
842 711 1010 762 tentarunt
1023 701 1104 761 ἀλλά
1117 696 1199 785 πεφί-

148 827 239 886 εργον.
283 802 368 865 Tum
396 800 572 887 legendum
599 801 756 883 ἀποφαίνων
781 821 841 888 pro
866 799 1023 864 librorum
1049 800 1199 864 omnium

147 904 287 970 leuiione
300 904 468 987 ἀποφαίνειν·
494 927 562 969 uno
577 917 714 990 excepto
730 904 799 969 Pet.
815 904 871 990 qui
885 904 942 968 dut
958 903 1112 984 ἀποφαίνει.

191 1031 210 1096 3
213 1026 268 1096 53.
288 1013 332 1076 Ι).
354 1012 469 1096 Ὁμήρῳ
490 1009 827 1096 μαφτυφεῖ-ἀποφίαν.]
860 1009 1021 1074 Geminus
1042 1009 1134 1074 Iocus
1156 1009 1200 1074 est

150 1112 297 1199 Sympos.
317 1114 415 1177 VIII.
432 1113 464 1176 8.
482 1135 513 1197 p.
529 1128 604 1198 730.
622 1112 663 1187 C,
680 1114 725 1177 D.
749 1112 826 1177 item
845 1111 1077 1199 AEgyptiorum
1100 1111 1200 1176 moris

150 1215 348 1280 mentionem
370 1215 546 1279 habens-.
594 1216 631 1278 In
650 1213 874 1302 Homerojam
891 1214 982 1280 Plato
997 1213 1199 1279 animadver-

150 1317 190 1381 tit
203 1318 341 1405 Republ.
357 1319 420 1382 III.
436 1340 469 1404 p.
483 1339 560 1404 439.
574 1320 614 1382 F:
631 1318 691 1380 Καί
704 1319 769 1399 παρ’
779 1317 902 1404 Ὀμήρου
916 1316 990 1402 τοίγε
1004 1321 1122 1380 τοιαῦτα
1136 1315 1198 1399 μαί-

149 1420 187 1482 θοι
209 1417 243 1482 οίν
263 1442 315 1493 τις·
340 1420 419 1483 οίσθα
440 1423 502 1507 γοὶς
519 1418 560 1483 θτι
581 1420 623 1483 tut
643 1425 781 1507 στρατιαῖς
801 1423 827 1483 ἐν
846 1423 907 1493 ταῖς
921 1427 975 1482 τῶν
990 1418 1082 1505 ἡρώων
1097 1417 1197 1481 iutui-
1239 1480 1242 1491 ,

148 1545 225 1583 σεσιν
247 1517 310 1584 οὔτε
333 1521 441 1607 ἰχθύσιν
461 1522 560 1596 αὐτοὺς
579 1526 660 1608 ἑστιᾷ
681 1523 835 1585 καὶταῦτα
849 1522 891 1584 tut
908 1520 1032 1607 θαλάττῃ
1047 1521 1215 1599 &Eun--

148 1623 257 1709 σπθντφ
271 1622 361 1698 ὄντας·
380 1621 441 1688 οὔτε
456 1625 541 1706 ἑφθοῖς
556 1624 773 1712 ›igiacum-&mi
782 1623 863 1707 μόνον
878 1627 980 1698 ὀπαῖς.

191 1744 269 1811 353.
291 1728 330 1790 Ε.
361 1730 393 1789 ἐκ
416 1728 511 1813 πυρὸς]
543 1726 680 1814 Conjeci
700 1728 815 1810 ἔκφυλον
837 1726 1050 1815 alienigenum,
1072 1739 1127 1790 toto
1144 1751 1200 1814 gc-

148 1851 217 1890 nere
243 1828 404 1915 diversum,
430 1828 548 1893 dubius
572 1852 636 1893 nou
661 1829 763 1894 solum
786 1829 1002 1916 congruentia
1019 1828 1199 1908 literarum,
1306 1824 1307 1828 ¹

151 1954 287 2018 quarum
311 1931 366 1996 ista
390 1933 532 1998 confufio
556 1932 692 1997 librariis
714 1933 748 1996 in
771 1932 904 2018 proclivi
932 1933 994 1996 est:
1024 1931 1077 1996 sed
1104 1948 1137 1997 et
1167 1955 1201 1998 re

150 2034 228 2120 ipsa,
245 2056 317 2120 quae
333 2034 468 2099 iteratur
482 2056 516 2121 p.
528 2037 604 2121 364.
623 2038 671 2099 A:
688 2033 757 2113 δείξει
773 2037 800 2099 δὲ
815 2015 910 2103 uuirt
926 2036 976 2097 θτθ
990 2041 1044 2098 τῶν
1061 2037 1199 2120 Πυθαγο-

151 2145 235 2224 ρικῶν
256 2135 416 2220 λεγόμενον,
431 2140 496 2216 οίςῆ
515 2137 645 2202 θάλαττα
665 2136 767 2223 Κφίνον
787 2136 903 2226 δοίνιςοθν
923 2141 1011 2217 ἐστιν,
1031 2136 1200 2203 αἰνίττεσθαι

153 2243 185 2304 τί
203 2245 242 2323 μὴ
258 2243 376 2326 καθαρὸν
389 2242 457 2325 μηδὲ
471 2239 615 2325 σύμφυλον
629 2245 723 2318 αὐτῆς·
743 2255 776 2305 et
790 2240 1023 2306 consuetudine
1039 2240 1203 2307 Plutarchi

150 2342 214 2408 hoc
240 2343 432 2408 vocabulum
457 2344 541 2428 saepe
564 2343 765 2429 usurpantis:
797 2368 825 2406 v.
845 2365 875 2408 c.
904 2344 1053 2431 Sympos.
1079 2346 1138 2410 IV.
1164 2367 1197 2432 p.

151 2447 227 2533 669.
246 2445 289 2510 D.
305 2444 347 2510 de
361 2444 555 2510 animalibus
577 2444 710 2509 marinis'
720 2470 729 2511 τ
752 2445 783 2508 ri
805 2446 832 2508 δὲ
850 2454 904 2509 τῶν
924 2445 1040 2509 ἐναλίων
1056 2447 1133 2532 γε’νσς
1149 2447 1200 2512 i'u·
1260 2499 1265 2506 ,

151 2563 236 2630 φνλνν
250 2545 319 2623 ὅλως
334 2545 511 2611 καίᾶτοικον
526 2555 601 2630 ἡμῶν
619 2545 711 2633 ὥσπερ
726 2552 752 2611 ἐν
767 2546 850 2639 οίλλῳ
864 2548 916 2610 τινί
932 2540 1034 2633 uo‘upup¹
1044 2550 1201 2634 γεγονότων

152 2651 199 2712 καί
215 2649 332 2730 ζώντων.
354 2652 450 2715 VIII.
464 2670 539 2736 731.
553 2650 594 2714 C.
624 2649 743 2714 Solert.
759 2649 903 2714 Animal.
916 2671 949 2735 p.
960 2653 1035 2736 976.
1049 2651 1088 2715 C.
1113 2643 1202 2725 Ailv.

154 2750 265 2817 Colot.
297 2773 329 2837 p.
354 2771 447 2837 1123.
474 2752 512 2816 B.
558 2752 628 2818 Vit.
655 2776 687 2839 p.
708 2755 783 2820 261.
809 2754 853 2815 A.
887 2771 962 2838 299.
985 2755 1030 2817 D.
1062 2769 1137 2836 741.
1159 2756 1199 2820 B.

155 2873 250 2919 1000.
270 2856 309 2918 E.
354 2856 471 2940 Neque
493 2867 602 2918 tamen
625 2855 798 2920 absurdum
821 2868 890 2918 erat
912 2850 1059 2941 suspicari
1078 2855 1200 2944 aliquid

152 2956 312 3036 excidisse,
334 2971 367 3021 et
390 2956 577 3045 hujusmodi
600 2957 679 3044 quid
702 2957 857 3044 scriptum
883 2956 972 3021 fuisse
996 2962 1027 3022 ἐκ
1051 2962 1131 3046 πυρὸς
1153 2963 1202 3026 καί

152 3057 250 3135 &am
271 3059 421 3134 λιίίνανονε
447 3059 544 3146 quale
562 3059 640 3146 quid
657 3060 777 3148 legitur
792 3060 845 3125 De
862 3059 988 3125 Placitis
1005 3061 1121 3128 Philus.
1138 3066 1201 3130 III.

155 3166 206 3229 16.
244 3164 365 3252 Quaest.
396 3165 478 3228 Nat.
509 3184 541 3250 p.
564 3184 639 3250 911.
666 3166 706 3228 E.
729 3177 764 3229 et
787 3163 934 3250 Squirius
956 3164 990 3228 in
1009 3166 1198 3253 praesentem

151 3267 261 3332 Iocum
276 3266 446 3332 convenire
461 3264 596 3331 censuit.
641 3267 706 3332 Sed
720 3266 859 3354 priorem
876 3267 1031 3334 rationem
1049 3272 1198 3357 praefero.

196 3388 272 3456 353.
288 3372 326 3433 E.
349 3373 629 3455 ἐγκατεστοιχειοῦτο
649 3370 824 3457 ίεφουφγίαις]
853 3371 943 3434 Inter
957 3370 1028 3436 haec
1044 3375 1213 3441 vocabula'

153 3470 295 3536 defidero
312 3472 483 3537 articulum
507 3475 581 3546 ταῖς.
618 3472 764 3537 Verbum
787 3471 885 3537 semel
906 3471 983 3536 alibi
1004 3474 1090 3560 apud
1114 3476 1199 3542 Plut.

152 3572 272 3660 legitur
290 3571 323 3636 in
346 3576 498 3660 Lycurgo
517 3595 551 3661 p.
566 3591 621 3656 47.
636 3572 687 3638 A:
711 3577 749 3635 τοὶ
770 3573 821 3654 μὶν
842 3572 887 3636 οὖν
908 3574 1068 3660 κυριώτατα
1081 3577 1129 3639 καί
1143 3577 1198 3660 με’·

154 3703 246 3761 γνστα
262 3678 326 3762 πρὸς
346 3676 515 3756 εὐδαιμονίαν
534 3676 638 3751 πόλεως
660 3677 708 3739 καί
730 3679 828 3764 ἀρετὴν
849 3679 875 3737 ἔν
894 3680 950 3750 τοῖς
969 3677 1056 3752 ἤθεσιν
1070 3676 1136 3764 ᾤετο
1151 3683 1201 3751 καί

152 3784 215 3854 ταῖς
238 3782 369 3864 ἀγωγαῖς
393 3788 447 3842 τῶν
470 3788 590 3842 πολιτῶν
615 3778 925 3866 ίγκατεστοιχενωμένα
948 3778 1036 3861 μένειν
1060 3781 1197 3860 ἀκίνηταε

153 3894 305 3969 tamquam
320 3883 465 3946 ιίοέίτίονιπ
479 3882 565 3945 initia
580 3894 608 3945 ct
609 3880 816 3969 fundamenta
830 3881 971 3970 imppfita.
1013 3884 1097 3948 Sunt
1111 3886 1199 3952 enim

154 3989 285 4071 στοιχεῖα
307 3984 449 4048 elementa
468 3996 496 4048 et
515 3985 684 4048 rudimenta
698 3984 863 4075 disciplinae
877 3998 904 4047 et
920 3985 1013 4049 artis:
1036 3985 1112 4052 hinc
1127 4011 1198 4060 vet·

154 4089 208 4166 ba,
231 4088 460 4173 καταστοιχίζειν
481 4089 543 4162 τοὺς
564 4087 771 4172 είσαγομίνους.
800 4089 863 4152 ‘De
878 4086 979 4151 Stoic.
997 4090 1148 4178 Repugn.
1164 4113 1197 4178 p.

157 4193 250 4277 1036.
265 4192 308 4256 A.
324 4204 358 4255 et
372 4197 528 4277 στοιχειοῦν
543 4191 621 4255 ibid.
955 4211 959 4223 ¹

198 4309 274 4380 353.
289 4296 329 4359 Ε.
351 4296 414 4383 περὶ
434 4293 665 4378 poppaeo-ru
683 4299 731 4371 τῆς
747 4293 849 4369 Ἴσιδος
869 4293 999 4382 τςίφιμον
1021 4296 1127 4361 Δίκτυν
1146 4307 1203 4383 τῶν,
