2714 4770
230 361 285 435 ιιι
377 359 416 419 u.
436 359 485 418 w.
506 357 703 418 nurunuu
723 357 769 417 ru
790 356 1026 441 ruminent
1045 357 1125 418 uus.

226 518 369 586 Omnino
383 517 416 583 in
432 518 624 583 diversorum
639 517 757 583 horum
776 516 961 583 nominibus
977 538 1145 583 murorum
1165 515 1265 581 etiarn

224 623 266 687 ab
287 621 426 708 antiquis
446 621 610 685 turbatum
636 622 691 701 est,
714 643 816 708 quum
839 643 905 686 nou
927 620 1107 686 constanter
1125 618 1266 707 finguloo

224 723 354 810 singulis
369 723 553 788 nominibus
567 723 742 789 afficerent.
784 723 884 811 Quod
898 722 932 787 in
947 721 1058 809 primis
1073 722 1218 787 cernitur
1230 720 1264 786 in

224 825 298 891 loco
320 824 583 912 Harpocrationls
602 830 660 890 Διὰ
677 824 765 906 μέσον
784 824 906 911 τοίχους
929 828 1063 909 Ἀντιφῶν
1087 823 1153 908 τρίς
1176 828 1266 888 Νικο-

225 926 307 992 κλέα·
330 936 410 1015 τριῶν
427 926 509 992 ὄντοιν
522 936 626 1013 τειχῶν
641 930 667 989 έν
681 932 715 1013 τῇ
728 929 858 1013 Ἀττικῇ,
874 928 909 1000 νίς
921 925 1120 1012 Ἀριστοφάνης
1137 928 1220 1009 φησίν
1239 930 1266 991 έν

223 1030 390 1116 Τριφάλητι,
403 1036 452 1094 τοῦ
469 1057 501 1094 τε
516 1029 638 1115 Βορείου,
653 1031 701 1094 καί
714 1038 763 1093 τοῦ
778 1029 892 1109 Νοτίου,
907 1031 955 1093 κοί
969 1035 1018 1093 τοῦ
1031 1033 1205 1113 Φαληρικοῦ·
1221 1031 1265 1094 lul

220 1128 310 1212 μέσον
324 1130 426 1195 τούτοιν
441 1129 553 1216 έλέγοτο
568 1133 600 1212 τὸ
613 1131 722 1209 Νότιον·
738 1131 768 1195 οὗ
777 1132 932 1214 μνημονεύει
947 1132 995 1195 καί
1009 1132 1136 1196 Πλέτιον
1150 1135 1176 1195 έν
1189 1136 1263 1216 Γορ-

222 1231 288 1320 γίᾳ.
332 1232 420 1320 Quid
434 1234 470 1297 srt
482 1235 642 1321 Φαληρικὸν
656 1232 868 1320 intelligitur:
888 1256 952 1298 non
968 1233 1047 1298 item
1061 1231 1139 1320 quid
1155 1232 1264 1318 Βόρειον

223 1349 257 1401 et
276 1335 388 1399 Νότιον.
431 1335 559 1415 Deinde
580 1336 666 1401 inter
686 1335 769 1401 duos
791 1358 901 1401 muros
921 1336 978 1422 qui
995 1351 1082 1401 certe
1102 1337 1176 1400 sunt
1188 1335 1224 1401 τί
1234 1361 1264 1399 τε

222 1438 391 1524 Φοιληρίνδε,
408 1439 456 1502 καί
470 1439 501 1502 τὸ
516 1443 552 1513 εἰς
568 1444 702 1525 Πειραιοῖ,
717 1453 755 1504 ut
768 1439 976 1527 Thucydides
986 1437 1132 1525 loquitur
1147 1439 1176 1502 I.
1190 1456 1263 1522 107.

223 1542 296 1628 quis
320 1541 383 1606 fuit
405 1540 532 1606 medius
553 1544 688 1606 murus?
721 1541 860 1608 Nullum
884 1541 1015 1629 quidem
1038 1542 1186 1608 norimus
1206 1542 1264 1628 qui

222 1642 307 1708 inter
320 1657 495 1731 utrumque
509 1643 587 1708 item
602 1644 644 1708 ab
658 1645 737 1710 urbe
751 1643 793 1709 ad
808 1666 894 1710 mare
909 1644 1026 1711 duetus
1040 1646 1130 1711 effet.
1175 1646 1274 1731 Ergo'

221 1745 319 1810 fuerit
336 1745 526 1810 transversus
545 1744 670 1825 murus,
683 1744 740 1832 qui
758 1745 830 1810 illos
845 1743 928 1811 duos
939 1745 1105 1834 jungeret.
1149 1745 1261 1811 Talem

219 1869 326 1912 unum
339 1848 498 1928 novimus,
512 1870 584 1913 eam
598 1862 723 1936 partem
742 1849 935 1914 moeniorum
955 1847 1044 1914 urbis
1057 1870 1156 1935 quam
1169 1847 1262 1912 Thu·

218 1948 354 2036 cydides
369 1951 415 2014 Il.
433 1970 484 2036 13.
506 1950 587 2016 dicit
604 1951 635 2014 ri
655 1951 762 2032 μεταξὺ
775 1957 823 2014 τοῦ
839 1975 870 2012 τε
884 1955 993 2036 μακροῦ
1009 1952 1056 2014 aul
1070 1955 1119 2013 τοῖν
1132 1951 1262 2034 Qi-

221 2058 284 2131 κοῦ,
298 2052 424 2116 medicum
437 2051 514 2116 inter
527 2053 648 2139 longum
663 2065 692 2116 ct
701 2051 892 2116 Phalericum
905 2075 1031 2115 murum.
1073 2048 1176 2137 Apud
1191 2050 1262 2115 Pla·

222 2165 335 2219 tonem
350 2153 386 2218 in
398 2154 520 2242 Gorgia
539 2177 573 2241 p.
590 2156 664 2236 284.
682 2157 718 2219 F.
738 2154 868 2242 legitur,
884 2153 1053 2242 Περικλέους
1070 2155 1099 2217 δέ
1118 2153 1167 2217 καί
1181 2154 1263 2228 αὐτὸς

129 2286 137 2295 *
221 2254 316 2332 ἤκουον
337 2253 381 2319 ire
401 2255 593 2335 συνεβούλευεν
613 2260 676 2339 ἡμῖν
695 2256 757 2344 σνρί
781 2261 831 2320 τοῦ
854 2257 899 2320 διὰ
919 2257 1007 2339 μέσον
1030 2254 1154 2341 τείχους·
1176 2252 1265 2341 quod

224 2354 415 2422 Plutarchus
434 2380 511 2423 mox
531 2381 565 2446 p.
581 2377 658 2444 351.
672 2359 717 2424 A.
732 2357 811 2423 item
825 2357 907 2423 dicit
920 2361 965 2423 lul
978 2356 1066 2441 μέσον
1081 2361 1186 2443 τιήρος·
1209 2355 1265 2420 sed

222 2458 256 2523 iu
279 2459 399 2526 Pericle
418 2483 452 2548 p.
470 2465 544 2527 160.
565 2464 607 2527 A.
630 2461 677 2526 ita
701 2460 819 2541 reddit,
841 2461 873 2524 sl
895 2463 1002 2546 μικρὸν
1022 2464 1129 2546 τεῖχος,
1150 2460 1212 2545 τιρί
1234 2458 1265 2522 οὗ

220 2560 374 2651 Σωκράτης
393 2564 517 2629 ἀκοῦσαί
532 2583 613 2649 φησιν
633 2565 715 2639 οὗτος
733 2562 928 2650 εἰσηγουμένου
949 2562 1060 2650 γνοέμην
1081 2561 1263 2649 Περικλέους.

219 2663 269 2729 At
280 2664 468 2732 Scholiastes
483 2667 624 2732 Platonis
638 2688 659 2730 a
671 2666 868 2733 Ruhnkeuio
883 2665 1002 2745 editus,
1012 2663 1113 2729 habet
1123 2662 1165 2728 ad
1175 2663 1265 2759 huuc

79 2773 83 2780 '
219 2765 328 2832 locum
350 2768 439 2856 quod
462 2768 575 2834 audire
600 2790 707 2855 operae
732 2768 872 2855 pretium
897 2768 952 2831 fit:
980 2764 1147 2850 diripiens
1169 2769 1265 2851 τοῖχος

220 2867 312 2954 λέγει,
326 2868 341 2934 i
355 2869 426 2960 ἄχρι
441 2879 485 2935 νῦν
498 2872 573 2934 ioris
587 2873 615 2934 ir
628 2874 662 2956 τῇ
675 2868 807 2935 Ἑλλάδι·
828 2874 855 2934 έν
869 2895 902 2955 τη
916 2868 1068 2955 Μουνυχίᾳ
1081 2872 1140 2954 γὰρ
1153 2868 1264 2946 ’ποίησε

220 2972 269 3036 sul
290 2973 322 3036 ri
343 2974 428 3056 μέσον
449 2977 557 3059 τεῖχος,
581 2974 613 3036 ri
634 2973 685 3055 pir
704 2972 815 3050 βάλλον
835 2973 878 3034 ixl
896 2972 944 3036 τὸν
964 2977 1101 3059 Πειραιᾶ,
1119 2971 1151 3034 ri
1172 2971 1201 3034 δέ
1220 2973 1264 3036 lul

219 3074 396 3159 Φέληρο-.
439 3075 489 3140 Sit
507 3072 610 3161 igitur
623 3073 674 3138 vel
690 3073 754 3139 hoe
770 3086 809 3137 ut
828 3095 941 3138 murus
960 3075 1007 3136 διαὶ
1023 3071 1112 3155 μέσου
1125 3095 1147 3138 a
1160 3071 1264 3138 Piraeo

220 3174 262 3240 ad
283 3175 500 3262 Munychiam
521 3174 660 3261 indeque
681 3174 722 3239 ad
746 3174 917 3239 Phalerum
939 3171 1142 3260 pertinuerit,
1156 3170 1210 3236 vel
1225 3184 1265 3236 ut

218 3275 274 3340 illa
287 3277 481 3342 moeniorum
497 3276 584 3341 urbis
601 3297 674 3363 pars
692 3277 725 3339 τὸ
744 3278 789 3339 διὰ
806 3275 893 3358 μέσου
911 3280 1006 3362 τεῖχος
1022 3274 1110 3340 dieta
1123 3275 1180 3354 fit;
1205 3273 1264 3338 five

219 3379 275 3465 ipfi
295 3379 362 3444 duo
380 3379 465 3444 muri
478 3381 520 3446 ab
533 3380 613 3445 urbe
625 3378 659 3443 in
677 3378 812 3444 Piraeum
826 3392 861 3443 et
877 3379 1048 3445 Phalerum
1064 3378 1263 3465 pertinentes

218 3479 282 3545 hoc
297 3483 341 3543 διαὶ
359 3479 447 3563 μέσου
464 3486 559 3568 τεῖχος
579 3503 697 3546 nomen
716 3479 899 3559 habuerint,
921 3493 959 3545 ut
981 3478 1172 3545 Plutarchus
1190 3478 1215 3544 l.
1230 3500 1262 3543 e.

217 3594 252 3649 ct
270 3582 337 3649 Dio
358 3584 602 3672 Chrysostomus
621 3584 679 3648 Or.
692 3584 754 3650 VI.
777 3604 811 3669 p.
831 3584 884 3667 87.
900 3581 942 3647 C.
964 3581 1180 3668 usurparunt:
1203 3601 1263 3667 ap-

217 3697 309 3772 paret
328 3699 416 3752 certe
436 3700 558 3752 veteres
579 3684 611 3749 in
632 3683 847 3772 appellatione
868 3689 917 3747 τοῦ
937 3683 1025 3749 νοτίου
1043 3681 1156 3768 τείχους
1172 3681 1263 3747 illius

217 3777 443 3854 extra'urbem
466 3787 611 3853 variatio:
637 3801 672 3851 et
693 3784 889 3872 antiquiores
912 3784 1045 3872 quidem
1067 3805 1198 3848 murum
1221 3805 1263 3848 ex

217 3891 300 3957 urbe
320 3891 361 3956 ad
382 3891 518 3957 Piraeum
531 3893 579 3955 τὸν
592 3890 707 3977 βόρειον,
724 3911 763 3954 eu
779 3889 859 3954 urbe
873 3888 915 3953 ad
931 3886 1100 3953 phalarum
1115 3888 1163 3950 rit
1175 3884 1263 3951 νέτιον

217 3992 404 4080 appellaffe:
428 4015 526 4081 quam
547 3992 706 4058 rationem
727 3991 821 4056 video
842 4005 876 4055 et
897 3988 1149 4056 Barthelemium
1165 3987 1261 4055 sccu-

88 4106 91 4112 “
218 4107 291 4160 tum
304 4095 365 4160 else
379 4096 411 4160 in
425 4096 551 4162 Tabula
561 4096 685 4182 Googr.
695 4114 729 4175 4.
746 4091 871 4179 Capitis
880 4093 942 4159 VI.
953 4091 1141 4178 posteriores
1149 4091 1261 4156 autem

175 4263 177 4266 ,
216 4195 298 4263 illud
321 4196 405 4263 νίτιον
430 4197 603 4264 nominalis
627 4197 756 4283 quoda
780 4196 880 4261 Piroeo
902 4216 961 4284 per
981 4192 1197 4282 Munychiam
1218 4190 1262 4257 ad
