2714 4770
384 354 441 412 DE
462 361 496 412 ΕΙ
517 349 736 412 DELPHICO.
757 372 785 431 p.
801 352 868 428 383.
883 347 988 410 B—D.
1127 363 1128 366 ’
1149 340 1204 429 2'75

160 511 227 577 rius
253 525 290 578 ut
314 512 552 600 aliquantulum
574 510 783 597 probabilius.
827 509 1023 593 Stoicorum,
1048 514 1201 592 Zenonis,

161 615 343 702 Chrysippi,
365 629 400 680 et
426 614 594 681 Cleanthis
615 637 635 679 a
657 613 757 680 Suida
782 614 806 679 l.
829 637 857 679 c.
886 616 1043 681 nominati
1067 617 1101 682 in
1126 630 1201 705 ety-

124 779 129 790 ,
159 718 372 805 mologiarum
396 717 584 797 subtilitate,
606 739 645 783 ac
666 719 811 783 Deorum
835 717 1020 784 nominibus
1043 719 1201 806 interpre-

160 820 266 887 tandis
278 821 492 888 curiofitatem
503 820 786 887 animadvertimus
801 822 941 909 suprap.
953 843 1008 909 31.
1024 825 1063 888 E.
1084 843 1140 910 34.
1155 824 1200 889 D.

157 938 234 1008 377
250 926 296 992 D.
311 924 428 1012 q'uibus
443 923 639 1012 adjungatur
653 924 770 990 Cicero
785 925 863 990 Nat.
879 927 923 990 D.
941 926 1004 990 ΙΙΙ.
1021 944 1075 1006 24.
1138 972 1141 986 .

200 1028 277 1112 385.
295 1028 334 1129 B,
351 1026 392 1092 C.
414 1034 463 1091 τοῦ
484 1031 652 1110 φνλοσοφνῖη
673 1026 732 1107 ἔ,φη
755 1028 787 1091 τὸ
810 1028 961 1110 ζητεῖν-τ
962 1028 1060 1114 ερῖτόν
1075 1028 1143 1114 sess]
1167 1030 1200 1094 A

108 1120 111 1124 ’
159 1125 291 1193 Platone
319 1105 411 1194 sluxit
437 1128 598 1193 Theaetet.
625 1151 657 1216 p.
681 1149 754 1215 119.
778 1130 830 1195 G.
860 1130 944 1210 μάλα
967 1135 1025 1216 γὰρ
1051 1131 1200 1213 φιλοσόφον

156 1235 238 1293 τοῦτο
252 1229 339 1293 τδτά
326 1230 392 1310 ’,8ος
406 1230 645 1313 τόθανμοζονν’
626 1256 656 1294 oe
646 1230 764 1316 ’γὰρ
743 1245 818 1309 αλλη
833 1235 953 1317 ἁρχηο
899 1230 1099 1313 pransorium
1114 1232 1200 1311 ilai·

155 1348 201 1407 οη.
248 1333 308 1396 Pro
331 1331 378 1415 lon
402 1331 542 1397 Reilkiua
565 1331 681 1397 maluit
701 1333 784 1398 lars:
808 1335 958 1399 Veneti
946 1337 986 1416 s’o
1008 1335 1055 1409 οἷς·
1088 1336 1148 1399 Pro
1167 1335 1199 1397 τὸ
1300 1349 1303 1359 “

157 1437 255 1513 ζητεῖν,
271 1435 389 1499 Venet.
403 1442 457 1498 τῶν
472 1438 569 1514 ζητεῖν·
600 1435 659 1500 Pro
673 1436 720 1498 τὸν
734 1436 800 1514 θεὸν,
813 1435 859 1500 D.
874 1436 918 1499 A.
933 1457 973 1500 ex
987 1432 1198 1517 correstione,

155 1536 301 1600 Venetus
324 1535 470 1621 aprima
487 1557 598 1616 manu,
623 1535 700 1601 Ald.
721 1536 792 1601 Bas.
809 1536 888 1622 Xyl.
909 1545 964 1600 τῶν
986 1539 1059 1602 θεῶν·
1083 1538 1198 1625 reliqui

155 1636 234 1702 dant
248 1635 329 1702 illud
344 1638 524 1726 vulgatum,
538 1639 601 1703 fine
617 1637 717 1703 dubio
731 1638 859 1704 melius.
905 1640 1020 1726 Itaque
1034 1653 1068 1705 et
1083 1641 1199 1707 Latina

155 1739 229 1807 sunt
246 1740 450 1827 corrigenda,
475 1742 512 1812 de
531 1742 603 1806 Diis
623 1740 816 1819 mutandum
839 1743 877 1806 de
898 1743 950 1807 boc
971 1742 1038 1808 Deo
1060 1743 1083 1807 i.
1103 1766 1134 1809 e.
1156 1744 1198 1810 de

155 1842 321 1929 Apolline.

197 1947 274 2032 385.
290 1945 330 2010 C.
353 1945 439 2031 λόγον
455 1950 519 2011 τινὰ
539 1950 627 2013 ποθεῖν
641 1955 697 2023 ,τοῦ
716 1950 761 2010 διὰ
781 1946 824 2033 rs]
851 1949 934 2043 Haec
948 1948 1082 2015 omnino
1097 1948 1199 2017 verior

155 2053 199 2118 est
219 2052 327 2118 lenio.
372 2053 426 2119 Sic
448 2052 580 2141 gemina
602 2053 635 2118 in
657 2039 815 2118 sententia
836 2053 1026 2119 Plutarchus
1048 2057 1197 2143 Sympos.

154 2152 198 2219 V.
214 2170 246 2237 7.
262 2176 296 2240 p.
308 2155 384 2219 680.
401 2154 449 2220 C:
473 2153 538 2219 ὅτου
555 2157 614 2241 γοὶρ
631 2159 706 2232 ὁτῆς
725 2154 817 2229 αἰτίοις
835 2153 967 2218 basulam
988 2154 1083 2240 λόγος,
1102 2159 1199 2247 insilis

153 2255 274 2344 ἔρχεται
290 2257 323 2321 τὸ
342 2261 463 2345 ἀποροῖο,
483 2257 611 2323 τουτέστι
632 2259 665 2321 τὸ
682 2259 937 2340 φιλοσοφεῖν-δεῖ
953 2258 993 2337 ll,
1016 2258 1077 2338 ἔφη,
1099 2260 1131 2322 τὸ
1154 2263 1222 2343 818ἱ

152 2359 184 2424 τί
201 2358 309 2447 γΙννταο
329 2364 370 2447 τῷ
390 2359 469 2447 λόγῳ
487 2363 619 2442 μετεῖναι·
643 2361 676 2424 τὸ
690 2361 719 2423 δὲ
733 2355 774 2423 sta
788 2359 908 2447 γίνεται,
922 2364 999 2446 παρὰ
1012 2355 1060 2438 τῆς
1076 2361 1198 2445 ἱστορίας

151 2463 319 2546 λαμβάνον.
360 2463 553 2543 Aristoteles¹
568 2463 704 2551 Analyt.
729 2463 808 2528 Post.
831 2465 876 2529 ΙΙ.
896 2482 955 2528 10:
979 2461 1065 2547 λὸγνς
1082 2466 1198 2543 llinis

151 2567 197 2631 hol
210 2565 240 2629 sl
253 2569 339 2631 larsa
386 2568 548 2653 Frequens
561 2564 721 2631 distindlio
733 2565 775 2630 sn
790 2579 825 2631 et
837 2566 903 2630 διότι
916 2565 995 2631 ibid.
1011 2568 1039 2631 1.
1059 2588 1110 2633 10.

195 2669 273 2753 385.
290 2668 331 2733 C.
353 2657 412 2730 slas
426 2669 469 2730 lrrl
488 2674 538 2731 τοῦ
557 2667 866 2755 τυρὸς-προσελθεῖν]
893 2667 1055 2734 Quadam
1078 2670 1195 2735 horum

152 2769 339 2834 alibi-etiam
354 2767 470 2833 tradita
480 2767 772 2854 deprehendimus
789 2769 1007 2856 τῦρᾶσβεστον,
1024 2770 1108 2858 ignis
1122 2793 1197 2858 per·

152 2883 272 2958 petuua
295 2868 448 2956 Delphis,
467 2870 552 2956 apud
576 2870 786 2936 Plutarchum
802 2870 836 2935 in
856 2870 967 2936 Numa
981 2893 1013 2957 p.
1026 2874 1080 2936 66.
1096 2872 1137 2952 Β,
1154 2873 1195 2939 C.

155 2975 268 3038 Parcas
288 2972 369 3037 duaa
389 2969 557 3037 Pausanias
577 2970 749 3037 narratX.
769 2991 823 3055 24.
839 2968 964 3059 31858
1002 2972 1197 3040 Mulieribus
1279 3058 1281 3062 Α

152 3073 243 3140 nefas
267 3073 356 3139 fuisse
381 3072 423 3138 ad
446 3074 627 3162 χρηστήριον,
654 3073 688 3139 id
716 3075 759 3140 est
783 3073 945 3164 penetrale,
967 3075 1170 3158 accedere,
1161 3099 1195 3143 111

151 3176 313 3264 templum
329 3175 453 3264 ingredi
470 3175 604 3257 licuisse,
619 3174 697 3241 curn
717 3175 781 3243 hoc
799 3176 961 3243 Plutarchi
981 3177 1068 3244 didio
1083 3180 1195 3245 conci·

149 3281 231 3346 lians
247 3277 460 3366 Euripideum
476 3279 548 3343 lon.
567 3297 641 3361 224.
657 3280 765 3345 censet
778 3279 999 3369 Musgravius.

193 3381 270 3467 385.
287 3381 331 3445 D.
354 3381 438 3444 Γνῶθι
453 3383 567 3458 ταυτὸν,
579 3381 678 3443 καὶτὸ
693 3380 946 3468 8138818311νῆ
972 3382 1024 3448 De
1040 3382 1091 3448 his
1106 3384 1194 3450 enim

149 3483 291 3548 multum
308 3481 507 3568 disputatum
521 3496 555 3547 et
570 3482 723 3570 scriptum
739 3497 818 3548 erat.
859 3484 1053 3550 Conferatur
1068 3484 1195 3551 Plutar-

150 3582 233 3649 chus
254 3584 333 3649 Vll.
355 3586 430 3670 Sap.
455 3583 590 3650 Conviv.
614 3605 646 3670 p.
665 3586 738 3666 164.
760 3587 798 3651 B.
836 3578 994 3673 Porphyr.
1018 3587 1070 3651 De
1093 3587 1194 3652 Grad.

150 3707 185 3774 p.
203 3704 277 3773 239.
300 3685 357 3774 qui
379 3686 444 3772 ipse
466 3685 596 3774 scripsit,
614 3685 655 3751 de
675 3709 741 3774 quo
760 3688 947 3753 Holstenius
965 3687 1093 3754 Differt.
1117 3691 1195 3754 Por·

150 3788 248 3878 phyr.
264 3789 349 3874 Cap.
363 3790 460 3854 Vlll.
475 3809 509 3876 p.
521 3809 576 3876 49.
616 3790 815 3877 Stobaeusp.
830 3784 904 3874 176.
940 3789 1109 3877 Diogenes
1128 3793 1194 3857 La-

149 3905 216 3958 ert.
227 3893 256 3956 Ι.
269 3893 391 3977 41,63.
409 3880 456 3957 ΙΙ.
470 3910 526 3978 3ο.
547 3893 607 3957 ΙΧ.
619 3909 673 3977 71.
710 3896 901 3982 Eponymus
917 3892 1127 3958 Plutarcheus
1140 3893 1194 3960 De

150 3996 228 4060 Vita
243 3994 429 4081 Homeri§.
445 4013 519 4081 151.
555 3994 674 4059 Plinius
690 3997 738 4061 H.
752 3995 798 4060 N.
814 3996 894 4062 Vll.
909 4014 965 4082 32.
993 3995 1061 4061 Dro
1076 3992 1195 4086 Chrys

150 4096 204 4162 68.
217 4096 260 4167 C.
277 4096 350 4179 148.
364 4099 409 4162 D.
442 4094 618 4164 Jamblieh.
633 4097 702 4165 Vit.
719 4096 858 4186 Pythag.
873 4102 905 4185 8.
916 4099 969 4185 83.
1000 4098 1195 4189 Anonymua

148 4197 230 4265 ibid.
229 4200 279 4290 8
299 4203 350 4267 16.

192 4281 270 4388 385.
284 4301 328 4368 D.
350 4301 529 4390 napaepsat
545 4303 679 4388 sabaeis]
660 4301 863 4390 JLamprias
877 4301 994 4371 diserte
995 4300 1103 4391 frater
1118 4304 1194 4371 Plu·
