2714 4770
256 237 522 303 oumsrromrs
543 235 746 313 nomme.
767 255 795 313 p.
813 232 879 292 aa.
894 233 1029 308 a-ao.
1046 233 1077 292 r.
1145 249 1181 310 51

149 396 226 474 cieo,
244 395 360 479 κύαμος,
383 394 507 484 λάθυρος,
522 393 660 481 ὂρίβινθος.
704 394 757 459 De
772 392 927 479 religione
941 390 1081 480 generis,
1097 392 1185 458 vide·
1249 478 1256 486 ο

150 510 247 562 antur
267 496 386 563 Plinius
400 498 446 562 H.
461 497 507 559 N.
517 485 651 560 XVIII.
666 514 721 582 30.
766 493 872 574 I’etiua
889 493 923 558 in
940 494 1031 559 Voce
1045 493 1186 574 'Fabamr
1252 505 1256 515 ’

150 598 323 686 utrobique
334 598 535 684 interpretes.
558 598 662 663 Moris
679 595 825 676 Romani,
836 610 869 662 et
882 594 1087 684 Pythagorici
1098 596 1185 684 sym·

149 699 218 764 boli
232 698 490 786 conjundtionem
506 721 544 763 ac
559 698 622 763 vim
634 698 758 763 erudite
769 697 906 784 explicat
919 697 1065 762 Erasmus
1077 695 1186 784 Adag.

150 822 185 887 p.
205 817 297 887 1907.
335 799 498 866 Caeterum
513 801 687 888 ruperimus
701 801 865 866 sumsimus
880 821 918 864 ex
933 801 971 863 E.
1007 801 1094 864 Nam
1107 796 1185 862 Ald.

150 903 220 998 Bas.
247 901 324 990 Xyl.
351 902 431 969 dant
454 904 639 992 eupompus:
676 904 789 990 Steph.
817 902 989 991 παρανόμους
1017 922 1185 988 operarum

82 1020 86 1029 ’
152 1003 241 1069 vrtio.

194 1107 268 1174 286.
284 1109 324 1172 E.
341 1106 410 1195 452]
436 1108 487 1173 De
508 1107 682 1173 Vestalium
704 1130 837 1174 munere
857 1130 895 1172 ac
912 1105 1017 1194 poenis
1032 1105 1123 1171 locus
1144 1103 1188 1169 est

150 1207 333 1295 praecipuus
349 1208 511 1274 Plutarchi
526 1211 558 1275 in
573 1212 684 1300 Numa
700 1232 732 1298 p.
747 1211 801 1289 66,
815 1211 868 1293 67.
913 1206 1091 1297 Religionis
1103 1204 1188 1281 rivae

148 1299 332 1400 defodiendi
347 1310 451 1375 caussa
465 1312 662 1377 mentionem
677 1313 710 1376 in
726 1311 786 1376 hac
802 1310 984 1378 Quaestione
997 1309 1187 1398 singularem

149 1412 260 1479 habet.
303 1413 412 1479 Aliam
428 1415 534 1481 reddit
549 1415 681 1482 Ovidius
700 1416 777 1481 Fast.
792 1417 853 1481 VI.
868 1415 951 1499 458:
974 1438 1027 1478 nac
1040 1412 1117 1478 viva
1133 1412 1186 1474 de-
1319 1412 1322 1418 '

137 1511 278 1598 fodietur
299 1516 397 1581 humo.
441 1517 492 1582 Sic
513 1517 618 1604 incesta
638 1517 736 1605 perit5
759 1516 830 1605 quia
851 1541 941 1606 quam
953 1515 1084 1580 violavit
1098 1514 1131 1578 in
1145 1513 1187 1576 il·

149 1612 212 1679 lam
229 1617 391 1684 Conditur:
408 1630 436 1681 at
458 1616 560 1682 Tellus
579 1618 720 1708 Vestaque
733 1642 840 1682 mamm
855 1618 931 1681 idem
945 1617 995 1700 ast.
1040 1617 1138 1680 Hunc
1152 1628 1187 1680 et

112 1712 130 1727 ”
149 1719 288 1785 nostrum
306 1721 415 1786 locunt
429 1721 576 1787 tractavit
590 1720 713 1806 Lipfius
728 1722 899 1809 Syntagm.
937 1722 989 1787 De
1011 1718 1188 1785 Vestalibus

151 1819 233 1907 Cap.
250 1823 348 1888 XIII.
364 1844 398 1909 p.
416 1843 509 1908 1107.
1304 1867 1308 1871 -

195 1943 229 2006 p.
248 1923 322 2006 287.
337 1923 380 1987 A.
398 1922 466 2008 td]
494 1923 644 2010 Apposrte
659 1924 700 1988 ad
714 1924 796 1989 hanc
811 1924 1027 2013 Quaestionem
1043 1946 1080 1989 ac
1094 1921 1191 1988 dotto

151 2023 259 2089 Festus
274 2044 307 2109 p.
322 2043 405 2110 302:
424 2024 548 2088 anber
560 2049 650 2114 equus
666 2025 848 2113 appellatur.
865 2026 917 2115 qui
930 2027 963 2090 in
976 2041 1076 2114 campo
1092 2025 1188 2089 Mar·

150 2123 191 2187 tio
204 2125 297 2211 merfi
311 2124 432 2189 Octobri
444 2124 613 2189 immolatur
626 2126 783 2212 quotannis
796 2126 913 2206 Marti,
929 2125 1066 2214 bigarum
1079 2124 1189 2190 viuri·

149 2249 215 2290 cum
229 2227 395 2291 dexterior:
418 2227 455 2291 da
475 2226 556 2314 cujus
577 2227 745 2315 capitanea
762 2227 837 2291 lavis
851 2227 992 2292 contentio
1003 2225 1122 2315 fhlabat
1136 2222 1204 2312 effa

148 2329 228 2394 inter
248 2329 466 2418 Suburananses
488 2341 516 2393 at
534 2328 764 2417 Sacraviarffe55
786 2342 821 2393 ut
842 2329 875 2393 hi
896 2331 928 2394 im
948 2330 1044 2418 ragiae
1060 2329 1188 2418 pariata,

149 2431 198 2495 illi
226 2434 271 2496 ad
297 2433 404 2497 turrim
428 2431 607 2497 Mamiliam
635 2432 687 2496 hoc
702 2432 861 2520 figerent:
891 2432 1070 2521 qrrsdemqua
1090 2433 1189 2497 cauda

149 2546 238 2599 tanta
257 2533 404 2598 celeritate
423 2532 574 2622 perfertur
587 2534 620 2597 in
632 2534 758 2621 regiam,
772 2546 807 2599 ut
820 2558 857 2598 aa·
875 2558 910 2596 aa
918 2534 1051 2621 sanguis
1065 2532 1190 2619 destillet

149 2636 181 2699 in
184 2635 302 2721 focam,
312 2637 531 2724 participanda
551 2635 595 2699 rei
616 2634 732 2699 divine
742 2634 860 2720 gratia.
908 2635 1001 2720 Quem
1015 2633 1116 2720 hostia
1129 2634 1188 2699 loco

150 2737 273 2825 quidam
291 2739 394 2801 Marti
410 2735 510 2800 bellico
523 2738 573 2800 dea
582 2735 707 2825 sacrari
721 2736 835 2812 dicunt,
855 2759 914 2798 nora
932 2747 966 2798 ut
979 2734 1090 2822 vulgus
1101 2748 1191 2822 putat

151 2839 223 2928 quia
244 2838 328 2902 velut
333 2838 518 2928 supplicium
534 2839 570 2901 de
587 2861 617 2902 aa
628 2837 785 2924 sumatur,
800 2837 879 2924 quod
894 2835 1022 2899 Romani
1039 2836 1099 2899 Ilio
1109 2839 1190 2924 sunt

149 2939 279 3018 oriundi,
302 2951 330 3004 et
352 2939 474 3029 Trq'ani
494 2938 537 3003 ita
558 2936 656 3026 affigit
675 2937 815 3026 aquistnt
829 2936 917 3024 capti.
931 2949 1005 3000 caet.
1048 2935 1139 3001 Idem
1154 2960 1188 3024 p.

150 3063 233 3131 323:
254 3042 391 3107 Panibus
405 3041 582 3106 redimibant
596 3052 683 3129 caput
697 3041 765 3129 aqui
779 3038 919 3103 immolati
932 3029 1188 3105 Idibus'anbri-

151 3148 203 3212 bus
218 3147 249 3210 in
268 3160 366 3234 campo
382 3145 511 3221 Martia,
531 3145 603 3233 quia
614 3141 904 3231 sacrrfiaiumfhbat
917 3139 1085 3228 abfrugum
1099 3167 1189 3208 aven·

151 3262 233 3313 tum.-
257 3262 285 3313 at
299 3271 387 3337 aquus
399 3247 496 3336 potius
510 3271 600 3335 quam
614 3245 663 3308 bos
677 3242 895 3322 immolabatur,
906 3245 986 3332 quod
998 3245 1045 3307 bic
1058 3244 1187 3332 bassru·

147 3351 236 3438 gibus
250 3351 400 3437 pariendis
414 3361 512 3438 aptus.
557 3350 645 3434 Ergo
658 3347 690 3411 in
707 3338 869 3412 Plutarchi
882 3345 985 3410 verbis
999 3347 1189 3436 Δεκεμβρίαις

151 3475 211 3541 pro
225 3451 412 3538 Ὀκτωβρίαις
426 3465 483 3516 aut
496 3450 602 3538 ipsrua,
618 3461 675 3515 aut
689 3447 807 3513 librarii
821 3445 919 3512 errori
935 3446 1101 3514 debeatur.
1145 3452 1188 3515 Et

151 3576 211 3645 pro
231 3554 371 3638 Ῥἦγιιναν
392 3575 464 3618 vera
481 3551 635 3640 scriptura
648 3549 736 3614 fuiffe
750 3549 894 3616 videatur
906 3550 1032 3634 Ῥηγίαν,
1048 3550 1186 3636 Regiam,

151 3668 189 3722 ut
207 3655 240 3720 in
260 3656 372 3719 Numa
385 3674 418 3739 p.
433 3656 487 3740 69.
504 3652 545 3718 C.
588 3654 641 3718 De
662 3664 856 3740 argumento
877 3650 975 3739 hujus
997 3650 1188 3738 Quaestionia

151 3758 214 3847 alia
227 3756 325 3823 etiam
339 3757 573 3842 cognoscantur
593 3776 634 3821 ex
655 3753 783 3819 Petavio
797 3752 838 3817 ad
851 3751 971 3818 Juliani
985 3752 1078 3817 Orat.
1094 3754 1136 3817 V.
1152 3776 1185 3842 p.

154 3863 227 3946 176.
244 3860 288 3925 D.
304 3871 338 3924 et
354 3855 522 3922 Harduino
542 3856 582 3922 ad
602 3856 740 3921 Plinium
755 3853 801 3919 H.
815 3856 860 3920 N.
883 3855 1044 3920 XXVIII.
1059 3875 1113 3937 40.
1130 3856 1185 3925 fin.

149 3962 268 4028 Versus
281 3961 334 4026 ille
349 3959 449 4048 Τρώων
463 3964 565 4045 ἀγλαὰ
577 3959 662 4023 τέκνα
681 3956 841 4042 μεμιγμένα
854 3959 935 4021 aurai
947 3956 1083 4036 Aurium,
1099 3957 1186 4026 haud

151 4064 216 4131 scio
239 4086 280 4130 an
305 4062 341 4128 srt
363 4062 413 4128 vel
438 4062 580 4142 Oraculi,
601 4061 649 4126 vel
672 4059 787 4147 Simyli
806 4072 922 4146 poetae,
945 4058 1072 4147 dequo
1095 4061 1184 4128 Plut-

639 4181 659 4225 Β
678 4179 697 4228 2
