2714 4770
234 347 329 425 ονε
375 317 484 409 nm
506 318 708 411 nummu.
723 301 1026 423 m'mmnncm
1046 349 1133 410 nm.

233 506 439 573 fimiiitudine
453 529 473 573 a
486 504 619 574 cambus
631 507 787 575 desumta
815 509 869 575 Sic
882 467 1044 597 Aristcph
1058 510 1136 574 Pac.
1149 507 1198 575 vs.
1209 509 1289 594 638.

120 626 130 639 '
232 609 275 676 de
290 609 589 677 calumniatoribus.

359 751 404 764 —
416 718 491 797 ὑμεῖς
505 721 601 779 τοῦτον
614 713 705 802 ὥσπερ
720 691 811 780 κυνόδό
827 715 1028 800 ότταρόιττετε.
1308 786 1311 797 ,

231 813 377 881 Acham.
394 817 436 881 vs.
453 817 528 882 688.
547 817 589 882 de
603 817 857 884 adolescentibus
871 818 1077 884 contentiofin
1092 815 1233 894 dicitur,
1247 828 1288 880 ut

231 941 252 983 a
271 918 403 983 Platone
422 920 504 1006 Rep.
519 921 557 983 L.
573 920 653 984 VII.
675 914 706 1007 p.
720 939 797 1007 490.
809 921 855 985 D.
870 920 1038 1008 Υχαόροντες
1051 918 1146 1005 ὥσπερ
1164 918 1286 983 σκυλά-

192 1048 194 1051 ·
231 1046 293 1102 κια,
303 1023 343 1108 τῷ
354 1020 443 1086 “nixum
456 1047 487 1086 τε
501 1021 549 1085 καὶ
561 1020 732 1107 σταρόιπειν
744 1029 785 1108 τῷ
800 1022 878 1110 λόγῳ
891 1024 952 1098 τοὺς
965 1022 1082 1100 τλησόον
1097 1022 1158 1086 citi.
1183 1043 1287 1109 quem

230 1125 340 1192 locum
354 1125 465 1192 laudat
480 1125 670 1191 Plutarchus
689 1125 730 1191 dc
751 1126 889 1192 profect.
905 1126 939 1209 ip
953 1125 1039 1192 Virt.
1055 1125 1153 1191 Sent.
1171 1147 1210 1212 p.
1227 1124 1284 1208 78.

231 1230 270 1298 E.
292 1241 326 1294 et
347 1228 494 1294 imitatus
514 1228 575 1293 esse
594 1227 718 1294 videtur
735 1229 802 1295 Dio
819 1228 939 1296 Caffius
953 1231 992 1293 L.
1009 1229 1135 1294 XLVI.
1152 1249 1188 1314 p.
1202 1241 1285 1312 453.

228 1338 419 1414 συκοφαντῶν,
442 1328 542 1410 ἕλκων,
565 1330 734 1419 σπαράττων
758 1332 821 1408 τοὺς
844 1333 926 1414 μηδὲν
946 1334 1107 1405 ἀδικοῦντας
1134 1328 1235 1417 ὥσπερ
1261 1335 1286 1393 ci

177 1440 179 1449 '
229 1434 318 1510 κυνός.
361 1431 506 1520 Simplex
526 1431 755 1518 τταρόττειν·εο
776 1435 867 1503 sensu
890 1433 1062 1500 Plutarcho
1085 1456 1155 1499 non
1178 1432 1284 1498 infre·

228 1558 332 1624 quens
351 1536 406 1616 est,
422 1537 475 1601 De
489 1535 630 1600 Sanitate
645 1535 775 1602 Tuend.
790 1555 911 1622 p.121.
926 1538 967 1602 C.
1003 1536 1160 1625 Sympos.
1176 1537 1220 1601 L.
1235 1537 1283 1600 ΙΙ.

174 1637 408 1728 12p.653.C.
445 1637 576 1705 Cimon.
592 1637 768 1725 p.485.C.
801 1638 869 1704 Dio
884 1639 968 1704 cass.
983 1642 1024 1703 L.
1040 1637 1137 1703 LXI.
1153 1660 1189 1727 p.
1202 1653 1283 1725 995.

230 1742 320 1808 Bafil.
336 1743 387 1807 M.
403 1743 506 1807 Hom.
518 1743 562 1807 X.
577 1763 610 1827 p.
622 1757 699 1827 379.
711 1743 750 1806 E.
781 1740 879 1807 Adde
893 1741 965 1807 Cel.
981 1741 1183 1808 Valckenar.
1199 1741 1283 1807 Dia·

225 1845 304 1912 ·trib.
320 1845 353 1910 in
368 1847 497 1933 Fragm.
513 1843 625 1930 Eurip.
642 1843 723 1930 Cap.
739 1843 834 1909 XIX.
849 1865 882 1930 p.
896 1863 972 1911 200.

270 1949 348 2033 548.
364 1946 406 2012 C.
429 1946 583 2032 Κατεφόρει
604 1951 652 2023 τοῖς
670 1945 821 2034 egenulae]
848 1948 901 2011 Sic
919 1946 1087 2012 Fditioncs
1107 1968 1231 2012 omncs
1250 1959 1283 2012 et

228 2048 332 2118 MSti.
369 2049 434 2116 Sed
448 2048 535 2115 Coll.
551 2049 679 2115 Schott.
695 2063 729 2114 et
742 2050 781 2114 T.
794 2050 839 2114 V.
853 2048 891 2113 B.
907 2048 1063 2137 κατεφρόνει
1076 2075 1108 2113 τ.
1123 2077 1157 2115 τ.
1174 2053 1282 2114 Kara-

228 2159 329 2241 φρονεῖν
349 2157 397 2230 τὴν
417 2151 543 2238 τρονοόαν
561 2152 675 2239 saepius
694 2150 847 2217 dicuntur
860 2150 1025 2238 Epicuoei,
1042 2173 1071 2215 v.
1086 2173 1120 2216 c.
1137 2152 1279 2218 Maxim.

99 2266 104 2291 ‘
227 2259 306 2345 Tyr.
329 2254 409 2319 Diis.
429 2240 590 2318 XXXVI.
612 2275 643 2339 p.
659 2272 701 2336 42
701 2269 736 2340 5.
759 2258 989 2339 καταφρονοῦντες
1004 2254 1032 2316 hi
1046 2261 1102 2316 τοῖιν
1117 2252 1185 2319 θεῶν
1199 2256 1278 2330 adseri

227 2357 378 2441 δυναμένων
397 2359 534 2440 τιμωρεῖν.
579 2354 718 2440 Εφίἃεῐ.
746 2355 873 2420 Arrian.
897 2357 937 2420 L.
963 2356 1009 2420 H.
1032 2354 1115 2420 Diff.
1140 2357 1223 2422 XX.
1244 2377 1276 2444 p.

226 2462 301 2548 298.
346 2456 411 2523 Sed
434 2455 590 2543 κατεφόρει,
613 2479 810 2543 quamquam
836 2457 980 2545 nuspiam
1006 2456 1116 2522 adhuc
1139 2458 1277 2527 omnino

226 2560 296 2648 ejus
317 2558 423 2624 inveni
445 2557 643 2645 exemplum,
665 2572 698 2623 et
720 2581 911 2645 germanum
935 2573 969 2624 et
993 2557 1123 2647 antiqui
1148 2559 1277 2626 videtur

224 2662 355 2728 colonie.
393 2664 479 2727 Nam
501 2662 604 2748 primo
628 2662 761 2749 quidem
785 2661 898 2727 eadem
921 2664 952 2726 se
974 2675 1085 2727 tuetur
1108 2662 1274 2751 analogia,

224 2785 289 2851 qua
310 2768 461 2851 καταχεῖν,
483 2764 733 2828 κατασκεδαννύναι
751 2764 821 2838 τινὸς
839 2790 878 2843 τι,
893 2776 927 2828 et
941 2762 1062 2842 fimilia,
1078 2774 1114 2826 et
1129 2763 1275 2849 ejusdem

224 2865 315 2932 verbi
329 2867 504 2952 compoiita
519 2870 677 2952 σνμφορεῖν,
693 2871 778 2980 hepo?
780 2869 816 2928 εῖν
818 2868 976 2992 ,ὶκφοφεῖν,
991 2863 1023 2927 in
1038 2863 1162 2950 quibus
1178 2864 1274 2954 figni-

225 2968 388 3034 ficandi
362 2991 408 3032 vis
431 2968 536 3055 major
557 2968 600 3032 est
621 2990 717 3054 quam
738 2967 771 3030 in
794 2966 902 3055 σομφές
874 2992 952 3046 ε,ειν
974 2966 1050 3049 εῐσφέ
1050 2992 1117 3054 ρειν,
1142 2967 1252 3051 ἐκφέι
1201 2995 1276 3055 ει.ρει

116 3083 120 3090 ’
224 3073 312 3138 Nam
336 3085 375 3136 ut
395 3091 486 3154 συμφι
479 3071 541 3150 ‘pm
562 3070 692 3157 corfferre
712 3083 816 3150 notat,
837 3089 958 3155 συμφορε
959 3074 995 3148 ῑν,
1015 3071 1187 3135 acervatim
1208 3097 1275 3137 ccu-

220 3198 335 3260 gerere,
351 3188 385 3238 et
404 3174 437 3237 in
457 3173 587 3258 reliquis
607 3173 715 3237 smilis
734 3174 776 3237 est
797 3172 899 3250 rati03
924 3172 964 3236 sic
979 3171 1145 3258 καταφέρειν
1160 3200 1235 3249 τινος
1248 3201 1275 3238 τι

225 3276 301 3340 est
290 3276 467 3440 impingerel
472 3275 576 3388 puid
566 3300 597 3338 ιν
618 3273 817 3363 aliquem&
779 3302 817 3337 κα
817 3301 854 3338 τα
856 3278 955 3360 φορεῖν,
976 3272 1072 3336 multa
1093 3291 1276 3340 coacervata

224 3377 398 3465 coty‘ertim
388 3403 419 3441 m
434 3377 561 3466 aliquem
573 3377 735 3463 effimdcre.
774 3376 1014 3441 Grammaticus
1029 3389 1140 3440 tamen
1159 3379 1277 3444 raiiffi·

224 3505 280 3546 mo
306 3481 369 3546 hoc
394 3481 490 3545 verbo
514 3481 589 3544 usus
613 3482 657 3544 est
682 3480 714 3544 in
736 3479 926 3564 explicando
950 3479 1027 3558 alic,
1050 3477 1148 3564 cujus
1178 3481 1279 3549 hodie

223 3585 317 3672 plura
333 3582 480 3669 exempla
501 3583 633 3660 exstant,
655 3581 856 3667 Phrynichus
876 3586 1015 3667 Παραοκ.
1038 3580 1167 3662 Σοφιστ.
1185 3585 1280 3650 MSt.

224 3708 296 3772 quae
318 3687 362 3750 est
383 3707 481 3772 penes
505 3683 576 3748 Cel.
601 3683 772 3748 Ruhnken.
797 3681 1060 3768 Καταγλοιττόζειν,
1079 3691 1280 3768 καταλαλεῖε,

224 3788 272 3849 καὶ
288 3791 450 3873 καταφορεῖν
464 3787 584 3860 πολλοὺς
600 3785 710 3870 λόγους.
733 3782 789 3847 ubi
805 3784 873 3868 pari
887 3807 994 3848 errore
1009 3783 1164 3851 scribitur
1181 3814 1281 3853 κατα-

223 3894 335 3975 φρονεῖν.
371 3890 488 3956 Gloffae
512 3888 647 3976 Cyrilli:
672 3890 843 3969 Καταφοροὶ,
869 3887 1031 3967 inmitia,
1056 3891 1281 3980 Καταφοφικός,

223 3993 400 4059 invectivus.
423 4016 488 4082 qua
506 4014 584 4058 voce
602 4004 637 4056 et
654 3989 762 4055 Ifidor.
784 3990 887 4055 Pelus.
903 3993 942 4055 L.
960 3992 1005 4056 II.
1022 3993 1086 4078 Ep.
1107 4012 1191 4082 135.
1205 3998 1285 4065 usus

558 4229 570 4260 ε
586 4219 626 4266 Sic
637 4217 741 4268 Ariston.
752 4217 821 4268 Stob.
833 4233 857 4281 p.
868 4224 925 4284 45⁶.
