2714 4770
218 351 237 412 δ
356 352 396 413 D.
417 350 466 411 W.
487 351 684 412 ANIMADV.
705 351 751 410 IN
771 346 1006 411 PLUTARCHI
1026 350 1105 411 LIB.

218 510 405 577 Plutarchus
424 511 518 578 Alex.
539 534 573 600 p.
590 527 665 598 703.
685 511 729 576 A.
752 515 788 587 εἰς
804 509 925 601 ῌίροας
944 534 1034 598 quum
1052 511 1167 575 venerit
1184 533 1252 590 τοα,

216 613 304 701 quod
324 613 479 703 fignificat
496 638 586 703 ρειαοο
607 637 660 679 rex
680 614 713 680 ιὀν
736 611 880 701 Ροεβψπο
900 613 1047 701 regionem
1063 612 1194 692 venerit,
1213 625 1254 677 ut

216 717 349 804 exponit
371 716 554 782 Perizonius
579 715 622 782 ad
640 715 762 782 AElian.
783 717 860 782 Var.
884 714 966 780 Hist.
986 715 1014 780 I.
1032 734 1067 801 3.
1105 715 1144 779 In
1166 712 1254 780 Ochi

217 817 337 884 diverso
350 817 498 908 exemplo
512 817 681 885 referendo
695 818 815 885 constat
829 817 882 884 fibi
902 816 1089 883 Plutarchus
1102 816 1135 881 in
1151 815 1254 881 Alex·

216 917 318 984 andro
332 919 355 983 l.
371 941 400 984 c.
422 921 472 985 Ἐν
487 921 515 985 δὲ
534 919 660 1009 Πίρσαις
673 929 781 1009 πρῶτον
799 922 850 1004 μὶν
870 917 994 983 ἂπίδακε
1006 920 1038 983 τὸ
1054 917 1176 1002 νόμισμα
1190 920 1254 992 ταῖς

216 1022 352 1105 pamfli,
368 1019 459 1110 ὥσπερ
472 1023 609 1088 είιίοίειταν
623 1029 647 1088 οΙ
661 1025 802 1104 βασιλεῖς,
814 1022 910 1098 δσοίκις
921 1027 957 1098 είς
969 1021 1085 1111 Πίρσας
1098 1019 1254 1106 ἀφίκοιντο,

217 1120 313 1185 διδίναι
329 1132 455 1211 χρυσοῦν
475 1126 591 1213 ἑκάστῃ·
615 1126 664 1190 καί
685 1127 728 1189 διαί
746 1132 827 1189 τοῦτο
846 1125 930 1208 φασίν
948 1122 1029 1198 ίνίοος
1049 1127 1079 1187 οὐ
1101 1121 1255 1201 πολλάκις,

212 1217 310 1308 Ὦχον
332 1225 360 1288 ii
381 1228 448 1308 poli
469 1225 547 1306 ἅπαξ
567 1231 604 1302 είς
626 1225 742 1315 Πίρσας
762 1225 979 1316 ταραγενίσίαι,
1001 1227 1045 1288 διαί
1067 1221 1255 1313 μικρολογίαν

224 1328 233 1349 ’
258 1327 430 1405 οξενῶοαντα
443 1334 491 1407 τῆς
505 1328 633 1416 πατρίδος
645 1329 751 1395 inuris.

263 1430 336 1510 246.
352 1430 391 1494 B.
410 1429 447 1503 ς’.
467 1431 651 1515 mrsu]
674 1430 844 1520 Polyaenus
864 1428 943 1496 VII.
957 1448 1012 1516 50.
1034 1451 1094 1517 pro
1115 1426 1256 1515 ίποίρχονο

218 1529 327 1597 minus
340 1534 478 1620 probum
492 1533 647 1600 exhibens
661 1533 827 1621 ίοπάρχοος.

261 1636 335 1716 246.
349 1636 394 1700 D.
411 1634 448 1718 ξ.
462 1636 632 1721 ΜΗΛΙΑΙ]
657 1634 826 1724 Polyaeuus
835 1635 936 1702 VIII.
951 1635 1006 1717 64.

257 1758 295 1824 .p.
309 1753 383 1821 247.
398 1737 443 1805 Α.
457 1739 524 1820 poli
538 1736 674 1824 ἄκουσαν]
701 1737 749 1801 Ne
763 1737 893 1802 invitam
907 1736 1040 1826 quidem:
1056 1735 1167 1801 Habet
1179 1757 1257 1823 pro·

87 1882 90 1891 -
219 1838 317 1904 verbii
339 1837 414 1904 vim.
445 1839 672 1928 Aristophanes
694 1841 891 1925 Ren.1571=
914 1838 1052 1918 Μηδένα
1065 1842 1102 1913 είς
1115 1838 1161 1902 τδν
1175 1837 1260 1900 ίᾶκοε

217 1941 265 2004 τὸν
278 1942 354 2024 ἔριδι,
369 1943 444 2020 Moe
458 1939 533 2006 οίααν
547 1941 745 2027 ἐγκαθεδεῖται.
777 1939 968 2006 Plutarchus
987 1939 1039 2004 De
1053 1935 1142 2003 Aud.
1164 1938 1256 2002 Poet.

219 2062 253 2128 p,
267 2060 323 2127 31.
340 2043 387 2107 B:
410 2041 712 2127 φυλάττεσθαι-ὄπως
733 2043 791 2107 oeli
809 2040 885 2106 cim
904 2047 945 2130 τῷ
960 2041 1038 2105 ποίδεο
1058 2042 1257 2126 περιπεσεῖται.
1290 2048 1294 2058 ’

220 2143 335 2210 Solert.
357 2144 500 2210 Animal.
521 2168 556 2234 p.
577 2161 652 2232 971.
668 2145 708 2209 C.
731 2141 1049 2228 φυλαττόμενος-ὅστε
1062 2141 1128 2224 poti
1142 2139 1258 2216 ἄκοντος

219 2249 304 2309 αὐτοῦ
319 2252 373 2310 τῶν
387 2245 502 2334 φορτίων
514 2246 703 2332 παραψαῦσαι
717 2248 749 2310 ri
764 2243 857 2332 ὑγρόν.
887 2244 1050 2312 Coriolan.
1065 2266 1097 2332 p.
1112 2262 1188 2330 227.
1203 2244 1232 2309 B
1246 2268 1255 2309 t

219 2345 378 2430 ίπιροίλοιαν
398 2349 512 2411 ίποιεῖτο
532 2350 651 2427 πολλὴν,
672 2345 741 2423 διας
761 2346 823 2431 pot
841 2344 955 2422 ἄκοντος
971 2350 1055 2411 αὐτοῦ
1073 2345 1256 2427 βλέποιντο.

220 2448 304 2527 Haec
318 2470 358 2514 eo
372 2448 475 2537 magis
489 2449 650 2515 monenda
663 2461 767 2531 erant,
780 2448 869 2540 quod
880 2451 941 2534 μηδ’
953 2448 1108 2517 ἀκούουσαν
1119 2447 1258 2514 tentavit

220 2549 381 2639 corrigere
394 2552 485 2616 Mea.
523 2608 527 2617 .
688 2556 693 2565 '
1089 2564 1093 2572 ’

264 2670 339 2738 247.
353 2652 398 2718 A.
413 2651 448 2732 η’.
462 2654 749 2742 werimum]
776 2653 945 2744 Polyaenus
959 2654 1039 2721 VII.
1048 2675 1103 2742 49.
1131 2657 1258 2719 Partem

219 2757 357 2824 historiae
378 2757 478 2824 habet
499 2756 686 2825 Herodotus
705 2760 765 2825 IV.
784 2760 857 2842 146.
869 2760 931 2825 VI.
949 2758 1021 2845 138.
1037 2759 1102 2846 seq.
1117 2756 1259 2845 indeque

221 2859 385 2928 Zenobius
403 2861 467 2926 III.
483 2862 536 2950 85.
573 2860 751 2927 Mulierum
772 2861 806 2927 in
827 2859 901 2927 viris
919 2859 1076 2927 servandis
1096 2859 1256 2927 solertiam

77 2951 79 2954 ’
220 2977 255 3030 et
267 2975 491 3033 commentum
509 2963 607 3030 refert
624 2965 722 3031 etiem
735 2964 884 3032 Valerius
901 2965 993 3031 Max.
1009 2965 1069 3031 IV.
1084 2965 1117 3029 6.
1131 2952 1206 3028 th.
1220 2981 1256 3048 3.

221 3066 275 3132 sed
287 3065 461 3154 Minysdes
473 3065 646 3152 perhibens
660 3088 726 3132 non
741 3066 887 3156 Pelasgos
902 3069 1027 3132 Iaemnu
1041 3064 1160 3154 pulsos.
1203 3065 1258 3130 De

220 3166 462 3255 Tyrrhenorum
474 3188 550 3230 cum
565 3165 701 3254 Pelasgis
716 3166 944 3255 coujunttione
957 3179 993 3233 et
1005 3167 1133 3232 Iemuo
1142 3165 1183 3231 eb
1194 3163 1258 3231 illis

221 3267 378 3349 habitata,
400 3280 516 3355 praeter
537 3266 755 3350 Herodotum,
774 3268 940 3358 Diogenes
960 3268 1109 3336 Laertius
1128 3289 1168 3334 ex
1184 3267 1259 3333 Ari·

223 3371 352 3437 stoxeno
365 3372 461 3438 VIII.
479 3388 510 3435 1.
529 3383 564 3436 et
577 3369 774 3460 Porphyrius
786 3373 856 3440 Vrt.
872 3371 1010 3462 Pythag.
1026 3371 1059 3462 ς.
1077 3392 1107 3437 1.
1123 3393 1164 3437 ex
1178 3370 1257 3437 Cle·

223 3473 334 3554 anthe,
351 3472 517 3547 Pausanias
530 3474 610 3540 Vll.
628 3494 679 3539 11.
716 3474 832 3540 Conon
852 3475 950 3541 Narr.
965 3474 1126 3540 XXXVI.
1141 3472 1175 3538 in
1191 3471 1258 3561 pri·

222 3575 285 3642 mis
305 3574 478 3664 Dionysius
499 3574 577 3641 Hal.
601 3576 644 3642 A.
665 3577 816 3663 R.1.25.
855 3578 954 3643 Hunc
971 3574 1135 3642 Plutarchi
1148 3576 1258 3642 locum

223 3691 329 3745 totum
342 3665 468 3744 Gallice
478 3675 637 3743 retulitac
649 3675 836 3766 dijudicavit
845 3677 1024 3743 Iarcherus
1034 3673 1260 3742 eruditiffimus
1290 3680 1293 3687 '

224 3781 283 3862 vir;
297 3780 338 3846 ad
358 3779 517 3849 Herodot.
533 3781 593 3846 IV.
612 3781 685 3863 146.
701 3781 796 3846 Tom.
812 3781 875 3844 III.
890 3802 925 3868 p.
938 3794 1016 3869 533.
1033 3778 1153 3844 docens
1168 3778 1257 3846 Plut-

224 3883 360 3951 archum
380 3882 461 3949 dues
480 3881 582 3948 resin
604 3904 703 3948 unam
726 3881 912 3948 conhrdiffe.
955 3883 1161 3972 Quanquam
1182 3905 1260 3949 eum

224 3983 297 4052 suos
311 3984 468 4064 suctores,
484 4006 567 4071 quos
581 3984 775 4072 sequeretur,
789 3983 929 4050 habuisse
943 3996 1068 4072 putem.

270 4104 343 4173 247.
353 4087 394 4153 C.
406 4089 454 4150 καί
464 4088 580 4171 ἂδελφδν
588 4089 637 4152 καί
649 4087 817 4176 Κραταίδα]
832 4087 949 4153 Conon
959 4087 1089 4152 Narrat.
1099 4084 1259 4153 XXXVI.

225 4190 267 4259 de
278 4191 341 4256 hac
356 4213 403 4269 re,
417 4189 686 4278 συμπαραλαβόντες
700 4192 728 4254 li
744 4188 794 4254 καί
805 4215 881 4265 τινας
895 4187 1095 4276 Σπαρτιατῶν,
1107 4187 1262 4275 ἦγοομίεαν
1330 4198 1345 4271 ¹.

97 4370 104 4385 .
225 4298 317 4370 αὐτοῖς
336 4291 455 4368 Πίλιδος
476 4293 524 4358 καί
544 4297 667 4380 Δελφοῦ,
682 4291 776 4359 ἔπλεον
790 4293 833 4358 iel
850 4296 896 4372 τῆς
911 4293 1033 4382 Κρῆτης,
1048 4291 1135 4360 unde
1148 4291 1181 4358 ln
1197 4291 1261 4358 hoc
