2714 4770
246 355 284 434 78
397 352 441 410 Ι).
457 352 504 411 W.
526 351 722 411 ANIMADV.
744 353 789 412 IN
809 351 1043 412 PLUTARCHI
1063 352 1143 412 LIB.

245 538 278 603 p.
300 515 372 599 178.
395 525 429 577 et
450 512 597 576 Stobaeus
618 511 688 575 aliis
709 511 787 576 locis
809 533 843 597 p.
858 530 912 598 92,
929 531 1003 597 203,
1020 512 1094 591 228,
1109 527 1187 596 350,
1200 531 1278 597 403,

243 635 320 698 404.
347 617 477 682 Graecas
492 614 627 701 singulae
640 613 772 701 apponit
783 613 960 679 historiolae
972 613 1089 678 horum
1105 612 1276 678 Parallelo·

242 741 327 797 rum,
341 716 415 782 'solo
437 718 495 782 sub
517 716 647 781 nomine
661 716 828 782 audiorum
844 715 914 802 ipsis
930 714 1187 802 subscriptorum,
1204 740 1234 780 v.
1247 739 1277 780 0.

241 819 395 905 Aristidis,
412 817 544 904 Sybari,
553 817 737 906 -Cbryscrmi,
751 817 898 882 aliorum.
928 818 1006 883 Quo
1019 816 1218 884 documento
1232 817 1279 884 uil

243 923 331 989 aliud
353 922 500 1002 efficitur,
521 922 577 987 nin
600 922 697 986 talem
720 920 953 986 Colledliouem
978 920 1190 984 Historiarum
1207 920 1277 1008 jam

123 1096 127 1103 ,
207 1100 211 1107 ,
243 1025 364 1093 Stobaei
378 1012 522 1120 tempore
535 1023 635 1089 fuisse.
674 1024 781 1088 Immo
789 1022 859 1109 jam
876 1022 1027 1087 Clemens
1041 1021 1277 1088 Alexandrinus

242 1128 454 1215 in'Protrcpt.
470 1149 502 1214 p.
518 1144 571 1211 27.
588 1126 629 1192 C.
655 1125 778 1196 facinus
800 1123 975 1190 Erechthei
992 1132 1026 1190 et
1045 1122 1143 1188 Marii
1163 1124 1196 1188 iu
1213 1125 1276 1188 hoc

242 1228 351 1295 libello
371 1228 487 1316 Capite
506 1228 543 1292 κ’.
562 1251 596 1316 p.
615 1248 691 1314 310.
710 1229 755 1292 D.
778 1212 926 1306 relatum,
946 1239 1108 1317 memorat
1129 1224 1277 1304 breviter,

178 1345 181 1350 '
241 1352 308 1395 uno
326 1329 466 1395 222010τί0
485 1329 626 1408 nomine,
646 1328 790 1393 Dorothei
804 1329 836 1397 io
850 1339 955 1416 quarto
967 1325 1151 1405 Italicorum,
1165 1338 1201 1390 et
1215 1327 1277 1411 Py·

241 1430 364 1500 thoclem
378 1436 404 1494 ἐν
415 1432 539 1519 τετάρτῳ
552 1433 700 1495 Ἰταλικῶν
714 1430 794 1497 citat
808 1433 927 1496 Strom.
944 1431 972 1495 l.
988 1452 1021 1517 p.
1033 1449 1109 1517 334.
1120 1432 1166 1494 Ι).
1188 1429 1277 1517 Quin

241 1534 323 1601 illud
338 1533 450 1603 Parall.
460 1524 503 1598 ’8.
524 1555 557 1620 p.
576 1536 651 1621 306.
667 1537 706 1599 Ε.
722 1534 763 1598 de
777 1532 936 1599 Annibale
951 1533 984 1598 in
999 1532 1118 1622 Sicilia,
1134 1533 1177 1597 ab
1190 1531 1275 1597 AEli·

241 1661 305 1704 ano
331 1658 462 1724 quoquc
487 1635 623 1705 relatum
649 1635 739 1700 fuisse
765 1648 898 1722 apparet
921 1657 961 1700 ex
985 1634 1054 1722 ejus
1081 1637 1277 1720 Fragmenta

240 1738 326 1826 apud
339 1738 472 1803 Suidam
486 1742 570 1805 Voc.
584 1737 707 1803 Turrim.
749 1739 868 1826 Neque
882 1759 946 1826 ego
961 1759 1073 1803 omnes
1088 1735 1275 1815 historiolae,

240 1862 354 1905 omnes
372 1839 528 1921 auclores,
543 1863 681 1927 quorum
697 1839 816 1905 nonnisi
832 1840 865 1903 in
881 1840 944 1904 hoc
959 1838 1068 1904 libello
1083 1837 1207 1903 mentio
1220 1859 1277 1902 ex-

240 1943 309 2023 stat,
323 1942 365 2005 ab
382 1940 453 2029 ejus
469 1942 585 2028 opifice
599 1943 752 2008 confictos
766 1943 827 2007 esse
842 1942 962 2007 dicam:
984 1940 1151 2028 plerosque
1166 1954 1276 2004 tamen

239 2045 356 2111 dicam.
402 2044 562 2109 Habuerit
589 2045 736 2132 quaedam
761 2067 800 2109 ex
826 2045 968 2110 sontibus
997 2042 1144 2108 turbidis.
1187 2044 1276 2106 Nam

239 2147 360 2212 constat
382 2145 470 2210 fuisse
485 2159 607 2212 etanta
620 2159 655 2210 et
670 2147 737 2233 post
753 2147 887 2211 Graeciae
903 2148 1017 2211 statum
1032 2145 1185 2211 Romania
1200 2145 1276 2209 sub·

232 2248 372 2335 jedlum,
395 2247 453 2334 qui
477 2269 528 2311 rea
550 2250 710 2312 Romanae
736 2242 850 2314 Graece
869 2248 1104 2318 conscriberent
1126 2246 1277 2311 homines

238 2349 361 2415 indodii
382 2363 417 2413 et
436 2349 607 2430 temerarii,
633 2372 770 2436 quorum
791 2350 889 2417 libros
911 2349 1032 2416 indocti
1051 2349 1161 2415 Graeci
1177 2349 1276 2436 vulgo

238 2452 429 2518 lectitarent.
475 2451 538 2518 Sed
553 2451 613 2517 hoa
629 2475 693 2517 non
708 2453 765 2518 diu
778 2452 907 2540 viguisse
922 2453 1074 2520 credibile
1088 2454 1131 2520 est
1145 2474 1206 2518 nec
1219 2453 1274 2517 nifi

237 2555 376 2643 syllogas
389 2553 542 2641 quasdam
555 2577 595 2619 ex
606 2555 644 2618 iis
659 2555 756 2619 factas
770 2557 922 2634 mansisse,
936 2556 1038 2643 qualis
1050 2557 1094 2621 est
1108 2555 1202 2621 hicce
1217 2557 1275 2621 Pa·

237 2659 419 2725 rallelorum
441 2657 580 2723 libellus.
625 2659 724 2748 Quod
743 2670 851 2725 autem
875 2661 908 2725 in
930 2660 1090 2747 Lampriae
1114 2661 1275 2749 Catalogo

237 2763 340 2827 Num.
359 2761 516 2826 CXXVI.
538 2776 776 2843 annumeratur,
792 2763 942 2848 Δνηγὴτενς
959 2761 1150 2846 παράλληλον,
1162 2763 1274 2842 Ἑλλη-

236 2866 310 2930 νικαὶ
325 2863 373 2928 καὶ
385 2860 553 2945 Ῥωμαῖκαί.
587 2862 782 2952 Ἐτνκονςείων
804 2865 1021 2947 ἐντίντνωμᾶτων.
1045 2864 1129 2930 20610
1145 2864 1275 2951 judicat

236 2967 361 3031 lsaacus
373 2966 496 3033 Vollius
510 2966 550 3031 ad
569 2968 683 3053 Pomp.
702 2967 827 3032 Melam
842 2970 870 3034 1.
886 2970 917 3032 8.
933 2989 965 3053 p.
979 2968 1043 3031 600
1057 2979 1091 3031 ct
1105 2965 1169 3053 seq.
1184 2966 1287 3033 1222220Ι

234 3068 379 3134 libellum
400 3066 541 3153 spurium
557 3081 591 3133 et
604 3068 745 3155 ejusdem
760 3070 899 3135 audiorio
914 3082 1012 3156 atque
1026 3069 1120 3134 illum
1134 3070 1184 3133 Dc
1199 3069 1274 3134 Flu·
1342 3145 1345 3149 ¹

234 3170 375 3244 minibus,
391 3168 618 3253 pronunciatur,
635 3170 769 3235 titulum
785 3170 882 3258 hujus
895 3171 994 3237 libelli
1008 3172 1040 3237 in
1057 3170 1218 3260 Catalogo
1232 3174 1273 3238 ab

234 3270 339 3335 aliena
366 3291 465 3333 manu
490 3269 635 3335 additum
660 3271 732 3337 effe.
776 3274 862 3337 Nam
888 3273 1000 3339 Codex
1025 3275 1171 3339 Venetus
1195 3295 1273 3340 con·

228 3372 390 3461 jedluram
408 3371 523 3450 firmat,
539 3393 603 3436 non
618 3373 673 3438 nist
689 3375 748 3459 rapi
762 3375 955 3464 Ἐπικουρείων
968 3375 1176 3458 ἐναντιωμάτων
1190 3397 1273 3464 prae·

232 3480 324 3545 bens.
368 3479 575 3566 Quamquam
598 3480 760 3546 Fabricius
783 3503 948 3569 perperam
965 3483 1096 3548 aVossri
1116 3482 1273 3548 sententia

231 3580 410 3662 discedens,
430 3592 464 3646 et
485 3580 632 3647 libellum
658 3582 829 3649 Plutarcho
852 3584 1011 3649 vindicare
1037 3606 1170 3664 conans,
1197 3583 1273 3650 indc

230 3696 361 3773 quoque
383 3696 612 3772 argumentum
632 3685 735 3766 ducit,
756 3687 845 3772 quod
866 3686 1000 3772 scriptor
1017 3709 1050 3773 p.
1065 3705 1141 3771 315.
1157 3687 1197 3752 C.
1218 3686 1273 3753 sua

231 3787 310 3875 aim
336 3788 427 3853 citet.
471 3787 572 3874 Atqui
599 3811 664 3852 non
689 3786 863 3868 Plutarchi,
888 3789 942 3852 sed
969 3788 1161 3854 Callimachi
1184 3787 1273 3854 Αἴτνα

230 3890 408 3977 significari,
423 3890 559 3955 ostendit
577 3891 791 3956 Ruhnkenius
810 3891 851 3955 ad
870 3890 1063 3956 Callimachi
1077 3894 1274 3978 Fragmenta

230 3989 419 4056 Bentleiana
435 3993 559 4058 CXIX.
575 4015 609 4079 p.
620 3994 697 4076 487.
713 4006 747 4056 et
760 3995 856 4079 Epist.
875 3995 959 4059 Crit.
973 3994 1019 4057 ll.
1035 4015 1069 4079 p.
1088 3994 1160 4061 282.
1197 3994 1272 4061 Jam

230 4091 271 4156 de
290 4093 336 4156 H.
358 4094 540 4174 Dodwello,
560 4094 769 4160 eruditissimo
790 4094 866 4176 viro,
881 4095 960 4182 quid
974 4096 1140 4161 dicamus?
1164 4095 1224 4182 qui
1237 4096 1270 4161 in

229 4184 417 4281 Geograph.
440 4197 562 4261 Minor.
584 4198 623 4261 Τ.
645 4197 689 4259 ll.
709 4218 743 4282 p.
766 4217 839 4282 109.
858 4197 1002 4284 quamvis
1017 4219 1051 4283 p.
1069 4198 1128 4264 128
1144 4210 1178 4263 et
1194 4217 1270 4286 229.

143 4325 146 4329 ·
197 4285 199 4288 ’
230 4297 348 4362 horum
371 4298 597 4365 Parallelorum
621 4297 846 4365 stilum-asilo
866 4299 1174 4366 aliorumlibrorum
1191 4299 1268 4367 Plu·
