2714 4770
147 388 187 448 ³4
297 366 336 428 n
358 366 405 426 w.
428 366 626 427 2222222.
648 367 692 426 22
713 365 947 426 2222222022
968 364 1047 429 uro

146 548 224 617 322,
245 529 323 615 328,
344 546 421 615 553.
458 525 668 593 normann
682 527 792 652 Anon.
807 525 863 591 822
877 525 1009 604 ababa,
1024 524 1115 588 Meu.
1129 547 1186 586 ree*

147 641 286 699 meana.

191 757 224 823 p.
247 751 322 819 272.
343 733 381 796 Β.
403 729 479 816 adst]
509 731 601 797 Maio
630 731 738 797 mense
765 729 934 796 hominum
959 727 1125 793 fimulacrs
1146 727 1186 793 de

147 851 248 926 ponte
262 837 295 903 in
309 834 441 899 fluvium
460 832 578 920 conjici
595 833 689 900 solita
707 833 827 921 Quaest.
842 836 938 900 Rom.
952 831 1013 905 π’.
1032 828 1124 895 simili
1138 851 1189 893 ra-

149 940 237 1009 tione
251 938 349 1004 docet
363 934 497 1002 Ovidius
513 937 591 1001 Fast.
607 938 650 1002 V.
667 937 743 1022 603.
755 935 820 1022 seq.
836 947 870 1000 et
884 935 991 1000 Festus
1002 933 1037 998 in
1053 931 1188 1018 Sexage-

147 1042 247 1106 nerios
258 1030 278 1105 :⁸
291 1039 404 1128 peucia
418 1039 521 1104 verbis
534 1039 567 1103 in
583 1039 767 1128 Depontonr'.
799 1040 902 1105 Varro
923 1039 976 1103 De
998 1036 1095 1123 Ling.
1115 1037 1190 1103 Lat.

147 1147 209 1212 VI.
225 1166 257 1232 p.
274 1161 327 1230 73.
366 1141 458 1208 Idem
477 1141 692 1230 ap.Nonium
708 1163 742 1229 p.
758 1159 834 1229 523.
872 1139 989 1206 Cicero
1012 1140 1073 1204 Pro
1095 1137 1189 1204 Rosc.

147 1248 262 1313 Amer.
276 1263 331 1331 35,
347 1244 391 1310 ibi
405 1246 663 1312 Hottomannus.
686 1243 875 1311 Macrobius
887 1245 956 1309 Sat.
972 1242 1000 1307 1.
1013 1256 1047 1326 5.
1061 1261 1096 1326 p.
1113 1253 1189 1324 205.

191 1363 266 1432 272.
280 1347 322 1412 C.
338 1345 416 1432 λγ’.]
434 1345 502 1411 Non
505 1345 590 1434 soris
605 1344 899 1436 coenaffl‚finefiliis
914 1344 1014 1408 adhue
1031 1339 1191 1430 impuberi-

148 1449 213 1530 bus,
229 1471 306 1514 cum
321 1448 466 1537 Lycurgi
477 1448 620 1517 instituto
632 1449 720 1516 haud
730 1462 852 1537 temere
862 1457 1080 1533 comparatur,
1092 1442 1190 1532 squi-

147 1551 222 1618 dem
241 1566 276 1618 et
292 1550 364 1617 aliis
381 1552 415 1619 in
436 1553 534 1618 rebus
556 1555 701 1618 Romans
720 1551 801 1638 reip.
820 1550 926 1617 forme
943 1570 1020 1635 cum
1034 1548 1193 1633 sparsam

148 1667 354 1742 comparatur
373 1676 394 1719 2
416 1654 551 1743 Polybio
572 1656 633 1722 vl.
651 1676 684 1742 9.
703 1655 760 1737 48.
804 1649 945 1718 Platonis
966 1648 1127 1715 sententie
1146 1647 1191 1714 011

148 1760 232 1846 Leg.
253 1760 297 1823 V.
317 1778 350 1844 p.
372 1761 447 1842 605.
468 1757 509 1822 C.
530 1769 642 1822 notata
663 1757 757 1823 nobis
778 1755 820 1820 ad
840 1752 985 1820 libellum
1005 1754 1059 1818 De
1081 1751 1192 1818 Pueris

149 1860 254 1926 Educ.
270 1882 303 1947 p.
320 1878 372 1940 14.
386 1858 425 1923 B.
457 1858 512 1924 Ad
528 1861 710 1925 Romanum
726 1857 814 1923 hunc
828 1875 952 1923 morem
967 1853 1057 1920 haud
1070 1852 1137 1919 1010
1149 1875 1193 1918 an

148 1960 308 2047 pertineat
323 1959 414 2027 locus
430 1959 595 2026 Ciceronis
608 1959 712 2026 Attio.
726 1961 770 2023 V.
788 1979 826 2023 1:
853 1956 998 2043 Quintus,
1017 1954 1195 2042 Pomponia,

148 2062 258 2149 inquit,
273 2074 305 2126 tu
319 2062 419 2128 invita
434 2059 584 2143 mulieres,
598 2085 650 2150 ego
664 2060 777 2127 0201022
787 2073 905 2148 pueros,
919 2058 967 2123 ita
979 2057 1129 2125 Ernestur
1142 2078 1195 2122 re-

150 2164 201 2228 612
222 2164 343 2229 edidit:
363 2179 469 2252 pueros
492 2163 640 2250 intelligo
663 2163 826 2227 Cicerones.
870 2163 956 2226 Item
978 2159 1109 2224 Horatii
1128 2160 1196 2247 Ep.

150 2266 197 2330 11.
216 2285 246 2346 1,
266 2286 346 2352 1092
367 2267 453 2353 pueri
470 2268 627 2355 patresque
636 2264 754 2353 severi,
771 2265 886 2330 Fronde
901 2286 997 2329 comos
1010 2262 1120 2344 nutri,
1134 2287 1201 2328 coeu.

149 2378 227 2430 nont
239 2378 268 2430 et
281 2367 417 2432 earmina
431 2368 560 2433 dietant.
996 2450 1000 2459 ,

195 2485 271 2553 272.
293 2468 335 2535 C.
356 2466 436 2554 ayt]
468 2468 635 2535 Ciceronis
663 2491 684 2534 2
714 2468 886 2535 Plutarcho
915 2468 1052 2534 citatum
1080 2467 1195 2535 locum

150 2570 247 2658 plene
262 2569 432 2638 convenire
452 2571 525 2658 quis
546 2572 634 2638 dicat
654 2572 687 2639 in
706 2571 794 2639 illam
815 2560 1060 2658 1202222123.
1076 2571 1123 2637 11.
1139 2588 1195 2638 22.

151 2694 248 2760 quam
273 2696 313 2739 ex
337 2673 401 2740 1200
426 2675 531 2741 nostro
554 2673 644 2740 haud
664 2674 799 2741 absurde
827 2674 966 2762 explevit
993 2672 1193 2739 Lambinusr

150 2776 185 2841 in
207 2798 273 2863 quo
294 2776 520 2863 supplemento
540 2776 627 2864 quod
648 2777 760 2843 audior
781 2777 901 2844 citetur
919 2775 1062 2856 Sisenna,
1082 2788 1202 2841 utrum·

150 2873 216 2940 hoc
230 2897 270 2940 ex
287 2897 344 2940 ora
356 2875 471 2942 veteris
485 2875 618 2956 codicis,
632 2898 673 2941 22
687 2897 708 2940 2
722 2876 779 2941 120
793 2875 860 2962 ipse
873 2887 1061 2941 commento
1075 2873 1197 2940 sumse-

151 2975 204 3056 rit,
219 3000 285 3042 non
300 2977 470 3043 definiam:
492 2992 583 3044 certe
597 2979 630 3043 in
646 2978 788 3044 Sisennae
801 2977 993 3066 fragmentis
1012 3000 1077 3043 non
1098 2998 1196 3065 repe·

151 3078 263 3145 rimus.
300 3080 347 3143 D.
364 3081 493 3160 Brutus,
513 3080 569 3168 qui
591 3080 667 3147 Cos.
688 3080 750 3145 fuit
763 3080 808 3144 A.
824 3081 870 3144 U.
885 3080 1025 3146 DCXV.
1040 3080 1149 3166 postea
1161 3081 1197 3146 in

153 3179 309 3266 Hispania
322 3176 484 3257 Gallaecos
498 3182 627 3247 domuit
636 3181 814 3252 DCXVII.
830 3181 918 3247 unde
930 3181 1062 3247 Gollaeer'
1072 3205 1200 3270 cogno-

152 3302 228 3346 men
251 3281 384 3350 hsbuit:
407 3296 583 3350 annotatus
605 3283 719 3372 Pighio
738 3283 859 3350 Annal.
874 3286 968 3350 Rom.
983 3285 1078 3372 Meg.
1093 3287 1134 3351 T.
1150 3288 1198 3351 11.

151 3404 186 3471 p.
200 3402 278 3470 492,
293 3401 328 3456 et
339 3400 417 3473 502.
449 3387 501 3451 De
518 3385 639 3451 Lethea
652 3384 749 3452 fluvio
763 3385 824 3452 hac
838 3384 1043 3472 expeditione
1057 3385 1197 3473 trajecto

153 3486 267 3565 ¹Florus
279 3487 324 3553 11.
339 3508 391 3574 17.
406 3507 458 3557 22.
479 3489 588 3555 Valer.
601 3490 766 3555 Marsvt.
777 3511 811 3571 4.
826 3488 882 3554 alii
896 3488 986 3554 citati
1003 3487 1118 3576 Pighio
1130 3488 1153 3554 1.
1164 3510 1200 3555 0.·

152 3602 188 3655 et
210 3588 380 3655 Harduino
401 3590 442 3659 28
462 3588 557 3657 Plinii
571 3593 616 3657 H.
632 3592 679 3657 N.
697 3586 756 3656 lV.
769 3610 824 3676 35.
848 3589 933 3655 Acca
949 3590 1112 3670 Larentia,
1131 3593 1202 3658 Ro,

151 3693 234 3759 muli
246 3707 282 3759 et
296 3693 391 3760 Remi
406 3693 526 3775 nutrix,
542 3693 667 3760 sacrum
682 3685 781 3759 babet
794 3694 903 3758 mense
918 3694 1106 3774 Decembri,
1120 3695 1200 3763 teste

153 3795 269 3863 ovidio
284 3796 363 3863 Fest.
379 3797 444 3862 111.
458 3812 513 3882 55.
533 3810 567 3862 et
581 3796 620 3862 iis
635 3797 779 3883 quosN.
796 3796 946 3862 Heinfius
961 3796 1054 3862 citat.

197 3916 273 3983 27.2
288 3901 329 3965 Ε.
348 3915 422 3985 273.
438 3900 478 3963 Β.
494 3897 566 3984 λς.]
593 3898 751 3965 Geminus
766 3898 844 3964 huic
862 3900 905 3963 est
924 3899 1016 3964 locus
1035 3864 1205 3967 Plutarchi

78 4072 88 4090 ‚
152 4000 187 4067 in
202 4002 342 4068 Romulo
360 4022 412 4089 19.
430 4004 467 4068 1.
483 4002 549 4089 seq.
565 4000 622 4068 ubi
640 4000 755 4067 eadem
776 4023 829 4068 res
848 4001 915 4066 fuse
933 4015 1090 4067 narretur.
1115 4002 1201 4067 Gel-

152 4101 1202 4188 11221117.Μ2020121221.20.1201222122121112.Ι)12.1.20,
1234 4136 1244 4155 ·

151 4222 223 4292 52
218 4205 552 4272 Fauian-Hermen
561 4207 694 4294 scortum
702 4204 801 4293 saiffe
826 4204 946 4270 Verrius
956 4204 1085 4293 scribit:
1108 4206 1203 4335 quod

152 4330 350 4399 cognomen
352 4308 493 4471 ‹beifloreo
506 4307 674 4398 fignificat.
751 4375 755 4383 ,
