2714 4770
180 327 239 389 Du
258 330 360 389 SERA
381 327 559 389 NUMINIS
580 327 783 388 VINDICTA.
803 347 832 409 p.
848 342 918 407 552.
931 329 968 400 Il,
981 323 1015 388 P.
1079 344 1136 408 355

99 486 255 554 Reiskius.
292 488 420 554 Thebae
434 487 520 554 enim
533 487 667 554 restituit
681 486 851 555 Cassander
864 488 998 577 Olymp.
1013 485 1194 554 cxlet

98 589 187 655 Aun.
205 611 236 656 2.
249 591 325 657 odio
339 590 514 658 Alexandri
529 591 592 670 M„
609 591 703 680 cujus
717 591 869 656 familiam
893 590 1060 679 interjecto
1078 590 1137 658 de·
1213 582 1216 587 ¹

98 712 189 758 mum
205 692 313 780 aliquo
328 707 473 780 tempore
484 691 659 758 interfecit.
695 693 827 781 Olyrnp.
845 693 985 759 CXVII.
1001 694 1090 758 Ann.
1104 713 1135 762 2.

98 793 251 861 Roxanen
269 781 334 861 una
347 816 423 863 cum
439 795 508 884 ejua
524 795 601 876 filio,
617 808 651 862 et
664 797 755 861 Ann.
769 817 802 877 4.
848 795 1022 861 Herculem
1036 795 1136 862 Alex-

98 894 191 961 andri
210 919 250 962 en
270 899 398 963 Barsine
422 898 536 965 filium.
579 899 702 964 Verum
719 896 909 964 Plutarchus
923 920 987 964 non
1003 898 1044 963 ad
1061 886 1139 965 vex·⁸

98 997 239 1073 ationem
264 1001 365 1088 stirpis
391 1001 500 1089 regiae,
525 1000 578 1066 sed
602 1001 643 1067 ad
668 1022 783 1067 necem
806 1000 982 1066 Alexandri
1007 1003 1059 1067 M.
1086 1026 1137 1069 re·

89 1099 209 1186 spexit.
255 1105 338 1168 Haec
359 1102 446 1169 enim
464 1103 636 1170 Catiandro
656 1125 785 1192 quoque
807 1103 972 1183 tribuitur,
996 1118 1029 1170 et
1050 1106 1137 1172 The-

96 1201 210 1268 barum
234 1203 464 1272 restitutionem
488 1205 655 1292 praecellit.
698 1204 842 1271 Justinua
867 1208 907 1270 L.
931 1207 1024 1270 XVI.
1049 1228 1079 1273 c.
1104 1194 1168 1272 ι’

95 1304 235 1394 universo
251 1307 414 1394 Coffitndri
432 1309 531 1372 domus
550 1307 727 1374 Alexandro
740 1309 793 1372 M.
806 1309 865 1393 feu
884 1307 961 1372 necis
974 1308 1138 1397 ipstos,seu

84 1403 193 1494 stirpis
214 1409 353 1474 extinttae
372 1425 477 1497 poenas
499 1408 568 1476 tait.
614 1409 700 1475 Cum
720 1432 786 1497 quo
800 1409 873 1475 loco
887 1409 1137 1498 conjungendus

95 1509 139 1573 est
160 1508 241 1575 alter
262 1511 302 1575 L.
322 1511 402 1575 XlI.
421 1532 453 1575 c.
471 1529 521 1591 14.
565 1510 728 1599 Antipater
748 1512 794 1576 od
812 1513 1006 1599 occupandum
1026 1520 1137 1601 regem,

97 1610 405 1699 Coffimdmmfilium
419 1614 490 1678 dato
503 1622 614 1678 venetio
625 1614 785 1700 subornat.
821 1612 941 1678 'lhebae
956 1628 1064 1679 autem
1081 1638 1137 1682 ned

95 1735 159 1800 que
174 1714 207 1777 iu
222 1714 386 1800 integrum
406 1714 501 1800 plane
524 1714 676 1779 restitutae
696 1714 839 1791 fuerunt,
856 1714 1061 1802 etpaulatIm
1077 1715 1136 1783 de·

96 1814 266 1880 crescendo
280 1813 321 1879 ad
336 1815 475 1880 nihilum
490 1814 665 1881 redierunt.
695 1816 809 1881 Dionis
821 1827 908 1881 certe
920 1815 1137 1905 Chrysostorni

97 1928 192 1982 aetate
213 1917 368 1980 ἀνάστατοι
389 1930 493 1996 erant,
516 1929 554 1981 ut
575 1917 697 1982 constat
722 1940 762 1982 ex
785 1916 855 2004 ejuo
879 1918 970 1983 Orat.
996 1921 1075 1985 Vll.
1101 1943 1136 2008 p.

99 2038 171 2105 123.
184 2019 225 2085 C.
238 2018 294 2084 ubi
309 2017 446 2084 videnda
458 2018 532 2085 sunt
546 2041 618 2106 quie
633 2042 672 2085 ex
687 2019 839 2087 Pausania
853 2033 945 2085 notat
959 2020 999 2085 Is.
1016 2022 1135 2089 Casau·
1189 2063 1195 2075 ·

97 2123 214 2188 bonus.
1140 2157 1144 2167 ·

100 2270 103 2275 Δ
137 2240 214 2312 552.
227 2227 266 2290 E.
281 2229 345 2289 Trio
358 2225 386 2290 di
400 2223 477 2290 morl
490 2222 522 2290 ri
538 2226 603 2312 lupia
616 2224 893 2312 ξυγκαταλαβὸντων
907 2224 988 2306 ξένων
1002 2255 1030 2293 κ.
1044 2254 1073 2295 τ.
1088 2231 1134 2316 X]

95 2327 261 2393 Nimirum
282 2326 482 2414 Delphicum
502 2326 675 2413 templum,
695 2327 729 2392 in
751 2349 817 2415 quo
838 2327 921 2397 hanc
943 2326 1136 2417 disputatioss

96 2451 170 2496 nem
190 2429 334 2495 habitam
352 2429 413 2494 effe
429 2427 524 2516 fingit
538 2428 741 2510 Plutarchus,
756 2429 848 2496 Bello
867 2432 965 2497 Sacro
988 2432 1135 2500 Phocen-

94 2533 172 2598 fium
191 2531 290 2597 duces
309 2531 506 2597 Philomelus
521 2544 554 2595 et
569 2531 809 2610 Onomarchua,
824 2533 1029 2600 mercenariis
1048 2535 1136 2601 mili·-
1243 2522 1245 2529 ’

95 2636 183 2701 tibus
195 2646 434 2718 occupaverunt
450 2646 484 2696 et
497 2632 761 2718 exspoliaverunt.
796 2634 842 2698 Hi
854 2636 971 2720 postea,
984 2638 1136 2724 magnam

96 2751 234 2823 partem,
251 2734 441 2821 Dionyfium
460 2733 656 2800 debellatum
672 2757 747 2800 cum
762 2734 966 2801 'Ilmoleonte
980 2738 1013 2802 in
1029 2739 1135 2804 Sicili-

97 2862 150 2905 am
171 2837 384 2925 trajecerunt:
407 2836 501 2923 cujus
516 2835 561 2902 ibi
575 2836 721 2924 auspiciis
735 2837 847 2901 multia
861 2837 961 2926 iisque
975 2841 1136 2927 praeclaria
1200 2862 1205 2871 ·

96 2941 196 3028 partis
223 2924 373 3020 victoriis,
399 2937 530 3004 tandem
557 2939 613 3027 ipso
643 2939 798 3027 paulatIm
826 2940 920 3006 variia
947 2941 1051 3007 modia
1076 2946 1135 3010 ab·

96 3040 215 3128 sumpti
227 3040 425 3128 perierunt53
442 3054 482 3106 ut
495 3041 563 3106 fule
577 3055 684 3106 narrat
697 3040 862 3106 Diodorus
876 3041 977 3108 Sicul.
988 3045 1028 3108 L.
1043 3046 1134 3123 XVI.

96 3164 130 3230 p.
146 3164 218 3231 129.
232 3145 321 3231 sequ.
336 3157 370 3210 et
385 3144 574 3210 Plutarchus
589 3144 786 3211 Timoleont.
801 3166 835 3231 p.
850 3160 924 3231 251.
940 3147 978 3211 B.

136 3266 213 3334 552.
231 3251 266 3314 F.
288 3249 445 3328 Ἑξῶλοπο
459 3250 550 3323 ,κακοὶ
574 3248 692 3333 marta]
719 3246 804 3313 Coll.
828 3250 956 3314 Schott·.
980 3251 1031 3314 M.
1056 3251 1134 3318 Ald.

94 3353 136 3416 T.
150 3355 191 3416 V.
203 3355 241 3418 B.
257 3352 390 3431 ἐξώλοντο
405 3354 454 3415 aul
469 3353 547 3415 αὐτοὶ
561 3359 672 3425 κακῶσι
689 3349 777 3437 quod
793 3349 856 3416 hoc
870 3351 945 3418 loco
959 3352 989 3417 vi
1004 3375 1069 3418 non
1084 3375 1136 3418 ca·

95 3470 158 3533 ret,
169 3454 317 3543 postquam
331 3453 509 3541 tjrronnidos
525 3465 707 3533 everterunt,
722 3454 841 3518 tondent
854 3467 882 3518 et
897 3455 951 3542 ipfi
964 3454 1042 3519 molo
1053 3458 1134 3543 peri-

95 3569 193 3621 erunt.
237 3557 391 3645 Quamvis
420 3559 506 3623 noxio
531 3565 626 3633 κακῶς
653 3559 805 3621 ἀπολέσθαι
835 3556 1016 3644 elegantius
1040 3558 1076 3621 stt
1101 3570 1136 3623 et

96 3659 203 3725 multo
229 3659 439 3745 frequentius.
484 3658 549 3725 Sed
573 3658 676 3746 pudet
701 3659 868 3724 notiffimae
889 3658 1038 3724 didionis
1060 3680 1136 3725 con·
1204 3724 1207 3731 ,

94 3783 207 3850 gerere
230 3761 391 3857 exerppla,
416 3783 554 3849 quorum
578 3760 629 3826 tel
654 3762 848 3846 Interpretea
872 3759 915 3825 ad
937 3761 1135 3828 Matthaeum

95 3866 191 3935 XXI.
208 3882 263 3945 41.
290 3863 364 3940 satis
389 3886 541 3951 magnam
565 3863 631 3930 vim
654 3862 825 3928 dederunt.
870 3863 1013 3951 SImplex
1037 3863 1135 3929 etiarn

96 3976 189 4044 κακῶς
207 3966 360 4032 ἀπολέσθαι
375 3989 395 4031 a
409 3966 533 4032 Graecia
551 3966 776 4054 frequentatur
790 3988 819 4030 v.
835 3987 865 4030 c.
887 3965 1049 4052 Sophocle
1063 3968 1134 4033 An·

128 4200 281 4262 rtpfiduoer
291 4147 592 4257 trec‚l’hilomelm,l’lta·
642 4200 741 4247 nerunt.
773 4199 843 4248 Philo
863 4200 922 4251 lud.
945 4200 1031 4251 Euseb.
1056 4202 1083 4268 P.
1104 4202 1152 4252 E..

97 4277 171 4340 yllus,
182 4279 365 4340 Onnnrrretrm,
375 4280 457 4328 divina
467 4293 539 4342 puna
551 4292 592 4341 pe·
641 4280 710 4331 VIII.
723 4290 782 4333 aet.
791 4281 821 4330 C.
833 4283 881 4346 leq.

695 4380 787 4432 ΑΜ
