2714 4770
234 353 271 412 82
373 351 413 410 I).
433 349 482 409 W.
503 349 700 410 ANIMADV.
720 352 765 410 IN
786 351 1018 412 PLUTARCHI
1039 353 1118 413 LIB.

232 510 267 576 in
285 509 475 576 Schowiana
493 509 675 598 praescripto
692 510 787 576 unice
809 477 1012 587 Καλλοοίένοος
1025 517 1052 577 ἓν
1065 510 1180 601 δτοτίρορ
1197 516 1265 577 Μο-

233 614 445 702 τοομορροίτοοον.
493 613 650 701 Apposuit
668 613 744 679 hinc
760 614 942 700 Apostolius
958 616 1105 681 Proverb.
1119 616 1147 680 I.
1163 633 1217 702 79.
1232 614 1266 680 in

233 716 384 803 Αίγοοτίοο
402 715 520 798 aliqua·
545 716 696 781 fic'enim
721 717 754 780 in
777 718 908 784 Stobaeo
931 717 987 782 filii
1006 740 1125 783 nomen
1147 718 1266 783 editur.

91 876 95 884 .
133 855 137 871 =
235 819 435 884 Callisthenis
457 820 535 886 item
557 815 668 886 licium
691 819 734 884 est
755 821 935 908 negotium,
953 820 986 885 in
1006 820 1132 887 celebre
1147 842 1266 885 nomen

234 920 407 986 collatum:
427 936 464 987 ut
478 923 558 988 item
571 922 715 987 Aristidis
730 922 863 988 infacto
878 923 1043 999 clariffimo
1059 921 1177 987 Curtii.
1214 922 1268 987 De

111 1011 113 1017 Α
235 1025 436 1091 Callisthenis
461 1025 775 1114 Metamorphosrbus
800 1026 920 1092 nollem
944 1024 1123 1091 credidisset
1144 1024 1268 1091 falsario

234 1129 339 1195 nostro
367 1128 590 1194 eruditiliimus
615 1129 834 1195 Mellmannus
861 1129 894 1194 in
920 1129 1204 1195 Commentatione
1227 1128 1269 1195 de

234 1230 430 1296 Auctoribus
451 1232 707 1320 Metamorphos.
733 1231 828 1298 Ovid.
848 1254 880 1319 p.
903 1246 955 1317 75.
1001 1233 1061 1297 Pro
1081 1231 1183 1296 Ἰδαίου
1203 1233 1268 1308 Διὸς

233 1335 254 1399 J
256 1334 351 1398 unius
366 1334 529 1400 annotavit
542 1334 607 1399 ίδίοο
621 1336 714 1411 ullor:
737 1348 770 1401 et
785 1358 844 1423 pro
857 1334 980 1424 Ταρσίου
995 1334 1071 1413 Διὸς,
1085 1332 1172 1399 idem
1185 1340 1269 1423 Ταρ-

234 1434 331 1515 σοδίοο,
354 1435 443 1500 nulla
470 1437 592 1502 ratione
619 1436 754 1502 obscuro
782 1437 952 1503 obscurum
977 1434 1187 1501 substituenez
1210 1459 1270 1524 pro

232 1547 324 1625 χῶμα
339 1538 418 1604 dant
430 1540 541 1626 χάσμα
554 1539 632 1605 Ald.
646 1540 716 1604 Bas.
732 1539 810 1628 Xyl.

278 1641 315 1715 ς’.
335 1663 369 1729 p.
388 1657 464 1729 307.
486 1643 531 1723 Α,
547 1643 601 1727 Β.]
625 1642 777 1707 Graecum
800 1640 950 1707 fabularis
972 1639 1150 1705 traditionis
1171 1641 1270 1707 fidem

136 1806 139 1812 .
234 1743 370 1809 habeat:
397 1745 549 1810 Latinum
573 1745 666 1831 plane
691 1745 921 1810 monstruosum
944 1743 997 1808 est.
1041 1743 1212 1828 Tmfimocbi
1232 1759 1270 1810 ut

235 1843 394 1929 scriptoria
417 1868 535 1911 nornen
558 1846 634 1912 alibi
656 1869 720 1912 non
740 1846 848 1912 exstat.
894 1843 1018 1910 Critolai
1035 1843 1197 1931 frequens,
1217 1845 1270 1911 sed

234 1947 424 2034 Ἠτοοροντοιοὶ
438 1961 472 2013 et
486 1949 642 2033 Φαινίμονο
665 1950 764 2014 citata
781 1949 813 2012 in
834 1948 945 2013 Parall.
961 1946 993 2011 ί.
1009 1969 1048 2012 ex
1061 1947 1193 2034 proprio
1208 1947 1269 2013 fal-

237 2048 306 2113 sarii
329 2050 607 2138 penudepromti.
651 2052 798 2118 Adeatur
819 2051 942 2118 Voffiua
964 2049 1046 2116 Hist.
1068 2051 1127 2116 Gr.
1150 2051 1214 2116 III.
1236 2072 1269 2139 p.

236 2151 300 2235 348
315 2163 349 2216 et
362 2173 438 2234 421.

282 2251 316 2332 ζ.
332 2275 365 2339 p.
381 2272 457 2340 307.
474 2255 529 2341 C.]
553 2257 606 2322 De
628 2257 770 2322 Hercule
792 2256 902 2321 fictum
926 2278 965 2321 ne
986 2254 1019 2320 in
1042 2254 1176 2320 fabulari
1199 2256 1271 2343 qui·

237 2353 312 2420 dem
326 2370 519 2443 argumento
535 2360 644 2424 testem
660 2359 771 2423 habet.
802 2360 932 2424 Poterat
946 2357 1083 2421 Achillia
1097 2358 1129 2422 in
1146 2359 1270 2426 Hecto·

238 2478 307 2521 rem
325 2456 451 2524 facinus
465 2457 583 2524 imitari
597 2459 789 2540 Alexander,
806 2472 863 2525 aut
877 2471 963 2524 certe
978 2459 1124 2524 imitatus
1139 2458 1218 2546 fingi
1230 2460 1272 2525 ab

238 2559 378 2646 Hegefia
396 2562 552 2648 Magnete
568 2563 660 2651 cujus
675 2563 888 2628 narrationem
903 2562 1000 2627 refert
1013 2561 1186 2648 Dionyfius
1200 2562 1272 2626 Ha·

237 2660 292 2727 lic.
308 2664 360 2728 De
376 2662 616 2749 Composrtione
631 2664 713 2753 Cap.
730 2667 858 2731 XVIII.
874 2687 907 2752 p.
919 2684 973 2751 33.
988 2678 1023 2729 et
1036 2663 1177 2750 sequitur
1191 2664 1273 2729 Cur·

239 2765 304 2830 tius
320 2768 378 2831 IV.
394 2766 425 2830 6.
470 2765 504 2831 Si
526 2766 604 2853 quid
621 2766 804 2856 hujusmodi
826 2766 867 2831 de
890 2767 1031 2832 Hercule
1050 2765 1204 2831 traditum
1219 2766 1271 2830 fu·

238 2865 319 2946 ilset,
342 2867 494 2935 credibile
515 2869 611 2935 estid
632 2882 840 2935 annotatums
862 2868 951 2934 fuilie
973 2867 1210 2934 Grammaticos
1232 2869 1273 2934 ad

241 2970 333 3034 Iliad.
350 2973 393 3035 X.
407 2972 484 3057 398.
504 2972 561 3035 ubi
580 2971 718 3038 Achillis
740 2972 975 3037 immanitatem
994 2970 1105 3058 patriis
1119 2971 1273 3058 exemplis

239 3073 391 3137 excusant
409 3073 574 3158 Porphyrii
592 3073 733 3152 Scholia,
750 3074 829 3138 item
843 3076 963 3140 Vetera
975 3086 1009 3138 et
1022 3074 1158 3138 Veneta.
1195 3077 1271 3140 Φου-

240 3173 331 3254 φετίου
353 3173 450 3237 etiam
476 3173 532 3238 dat
556 3174 768 3239 Harleianus:
793 3173 891 3254 idern,
911 3174 1089 3262 Ἀλέξαρχος
1109 3177 1136 3238 ἐν
1155 3176 1272 3263 τετάρτῃ

239 3274 398 3352 Ἰταλικῶν,
418 3274 510 3340 aliter
529 3275 625 3340 habet
642 3274 856 3362 'Alifavdpogl‘
870 3281 1023 3360 ἱστορικῶν.
1068 3277 1110 3339 Et
1125 3275 1274 3343 Cmserio

240 3376 284 3439 est
297 3374 488 3441 Alexander:
507 3390 541 3442 et
557 3378 732 3443 Gesnerum
753 3379 786 3443 in
804 3379 1004 3444 Bibliotheca
1023 3379 1063 3443 stc
1078 3378 1186 3466 legisse
1200 3402 1273 3445 mo·

241 3490 298 3542 net
311 3479 435 3544 Voffius
451 3479 533 3543 Hist.
551 3482 610 3546 Gr.
627 3483 690 3547 III.
704 3504 737 3568 p.
749 3502 825 3568 319.
859 3481 1020 3546 Alexarchi
1034 3494 1140 3545 tamen
1157 3504 1274 3548 nomen

241 3578 420 3644 testimonio
440 3580 539 3644 Servii
559 3598 664 3647 tuens.
704 3583 789 3650 Quis
804 3583 995 3671 fignificetur
1010 3582 1065 3649 illo
1079 3587 1105 3647 ἐν
1119 3583 1203 3670 τρίτορ
1216 3584 1276 3670 τορί

239 3686 383 3766 ποταμῶν.
399 3704 540 3767 quaerere
555 3707 619 3748 non
635 3685 677 3748 est
690 3707 796 3771 opera.
813 3686 963 3771 pretium.

180 3806 186 3823 ’
238 3821 241 3825 .
284 3784 320 3863 η’.
337 3807 370 3872 p.
385 3803 461 3870 307.
477 3787 537 3870 D.]
556 3786 737 3851 Romanurn
753 3788 950 3855 celebratur:
967 3790 1119 3853 Graecum
1132 3789 1208 3854 hinc
1223 3810 1276 3854 re·

243 3887 318 3952 tulit
340 3890 501 3969 Stobaeus,
517 3888 540 3952 l.
557 3910 587 3953 c.
604 3911 637 3976 p.
653 3909 706 3977 92.
723 3912 782 3955 nec
802 3890 872 3955 aliis
893 3904 980 3959 caret
1002 3891 1143 3971 testibus,
1166 3890 1278 3957 Solino

171 4008 172 4013 ’
242 3990 339 4054 VIII.
362 4013 394 4077 p.
418 3993 468 4056 18.
485 3993 530 4057 D.
550 4004 585 4056 et
603 3992 672 4057 aliis
691 4016 772 4079 quos
786 3993 887 4058 citant
900 3997 931 4061 J.
949 3995 1122 4060 Palmerius
1137 3994 1278 4060 Exercit.

243 4112 276 4177 p.
289 4107 364 4176 577.
394 4094 623 4182 Welselingius
637 4095 678 4158 ad
691 4094 828 4161 Diodor.
845 4096 911 4162 Sic.
928 4100 1020 4164 XVI.
1034 4119 1089 4185 34.
1116 4100 1163 4162 At
1175 4098 1279 4163 noster

242 4194 342 4259 homo
356 4197 487 4282 gemina
499 4198 582 4262 facta
595 4196 635 4261 ad
650 4198 818 4284 paritatem
843 4212 982 4286 torquet.
1026 4201 1162 4265 Notavit
1178 4200 1278 4265 etiam

242 4295 474 4363 Valckenarius
491 4297 524 4362 in
539 4300 631 4365 Orat.
647 4301 699 4366 De
715 4299 877 4389 Philippo,
892 4303 1046 4391 Amyntae
1061 4303 1137 4384 lilio,
1152 4323 1185 4390 p.
1199 4321 1276 4386 244.
