2714 4770
268 311 325 372 DE
346 313 448 375 SERA
466 312 643 374 NUMINIS
663 313 870 376 VINchTA.
890 335 921 396 p.
935 318 1003 395 566.
1018 318 1057 380 D.
1124 340 1182 400 453

149 469 276 538 Schott.
294 487 328 536 et
345 473 385 537 Τ.
404 473 615 560 προθυμούμενος
634 471 677 537 οὖν
695 476 768 538 ίθεῖν.
787 475 875 543 Voll.
890 476 1000 542 omiss'o
1013 503 1057 560 τε,
1071 437 1182 545 sbltem

148 568 229 645 ἄλλοί
242 598 315 652 τινα,
331 572 426 638 male.

191 674 266 756 566.
279 674 325 752 D.
346 677 441 754 Φωιὴι
455 674 522 740 εἶναι
535 674 704 762 Σιβύλλης]
731 675 920 742 Plutarchus
932 678 985 743 De
1002 679 1125 767 Pythite
1139 680 1185 746 O·
1197 680 1267 740 120

148 793 215 838 rac.
237 796 272 861 p.
289 777 366 862 398.
388 776 428 842 C.
473 776 591 872 Sibylla
609 776 672 866 ipsa
688 780 816 865 verstbus
829 778 944 862 ύμνησον
955 785 1063 861 ἑαυτήν,
1077 785 1113 856 ὥς
1127 784 1185 847 ortt

148 875 322 941 ἀποθανοῦσα
335 879 412 958 λήξει
426 885 568 962 μαντικῆς·
584 882 651 944 ἁλλ’
666 884 735 959 αὕτη
749 882 799 964 μὶν
814 885 840 945 ἐν
853 886 886 968 τῇ
900 883 998 971 σελήνη
1013 883 1184 969 τιρίιισι,τθ

149 979 316 1061 καλούμενον
336 981 465 1067 γενομίνη
484 983 637 1070 τρύσιντον,
650 989 690 1070 τῷ
708 986 736 1048 δὲ
752 984 811 1069 ιἰύρι
824 985 856 1048 ri
869 991 976 1067 πνεῦμα
989 988 1144 1071 συγκραθὲν
1156 989 1185 1068 ἐν

149 1078 251 1167 φήμαις
269 1082 312 1145 οἰεί
333 1084 479 1170 φορήσεται
500 1085 548 1149 καί
568 1083 705 1162 κληθθσιν.
751 1086 842 1150 ldem
857 1084 954 1150 tradit
969 1085 1074 1152 Clem.
1088 1085 1184 1153 Alex.

149 1181 270 1248 Strom.
286 1185 314 1249 l.
329 1206 364 1272 p.
376 1206 452 1272 304.
468 1189 512 1252 A.
554 1186 632 1256 Vrd.
647 1189 683 1254 P.
700 1186 823 1254 Petitur
835 1189 891 1258 De
903 1187 1025 1276 Sibylla
1037 1189 1078 1252 L.
1093 1187 1140 1252 ll.
1152 1210 1184 1253 c.

151 1300 203 1350 ιο.
219 1306 252 1372 p.
267 1305 387 1374 251.—
1166 1348 1167 1351 ,

190 1389 267 1473 566.
283 1391 328 1457 D.
352 1391 520 1475 Βουλύμινος
534 1391 578 1457 ούν
590 1395 743 1476 ἀκροᾶσθαι
753 1392 870 1458 τλείονα
883 1399 916 1480 τῇ
929 1393 998 1481 ῥύμη
1012 1397 1059 1470 τῆς
1073 1392 1187 1472 σελήνης

149 1492 188 1565 τίς
204 1493 356 1559 τούναντίον
380 1492 471 1581 θίστιρ
494 1499 521 1559 le
545 1499 606 1568 ταῖς
629 1495 711 1570 δίναις
730 1495 1047 1580 θξεύσθη-τυραννίθα
1067 1494 1183 1580 λείψω]

148 1595 275 1659 ⁰Lunae
293 1595 377 1682 ῥύμην
396 1597 419 1661 s.
440 1596 575 1684 impetun
597 1597 749 1662 rotationis
769 1596 916 1663 describit
931 1596 1119 1663 Plutarchus
1133 1598 1188 1663 De

150 1695 244 1761 Facie
266 1697 369 1761 Lunae
390 1718 423 1783 p.
439 1715 514 1783 922.
536 1696 577 1762 C.
601 1718 676 1784 9ο3.
693 1698 733 1763 C.
755 1721 858 1786 eoque
872 1698 1045 1786 aliquando
1059 1698 1187 1765 leonem

150 1818 190 1862 ex
204 1797 281 1862 luna
294 1798 328 1863 in
344 1798 597 1885 Peloponnesum
619 1798 757 1887 ejebtum
771 1801 860 1867 firiffe
875 1799 991 1865 fabulae
1006 1800 1186 1882 tradebant,

150 1913 189 1965 ut
203 1911 310 1966 narrat
324 1922 358 1988 p.
372 1917 447 1988 937.
464 1904 500 1966 F.
524 1904 632 1968 Vocat
647 1902 785 1968 eundem
799 1902 867 1981 δίνην
882 1916 919 1967 ut
934 1902 969 1967 h.
980 1902 1005 1968 l.
1018 1915 1053 1968 et
1067 1924 1099 1989 p.
1112 1903 1187 1990 938.
1246 1924 1251 1930 ·

150 2003 187 2068 F.
225 2005 321 2068 Hanc
335 2025 408 2068 vero
422 2003 463 2069 de
475 2003 693 2070 Dicaearcheae
716 2004 848 2070 interitu
869 2004 1108 2090 praedifflonem
1127 2027 1186 2071 an·

149 2100 327 2189 tiquiffimis
349 2105 550 2191 temporibus
570 2105 604 2170 in
623 2105 786 2194 Sibyllinis
806 2105 940 2171 extitiffe
959 2105 1048 2171 libris
1061 2128 1187 2172 memo-

148 2217 201 2271 rat
212 2206 265 2271 De
281 2206 375 2294 Pyth.
392 2207 487 2271 Orac.
502 2227 536 2292 p.
547 2208 624 2293 398.
639 2206 680 2272 C.
715 2209 805 2274 Tauri
821 2208 848 2271 θὶ
862 2211 900 2272 τὰ
914 2207 1063 2295 τρύσρατα
1077 2209 1125 2271 καί
1141 2207 1189 2272 nin

148 2306 220 2386 τάθη
238 2306 300 2393 τιρί
319 2334 350 2372 τε
371 2308 468 2391 Κύμην
487 2309 536 2372 καί
557 2309 761 2396 Δικαιαρχίαν,
780 2313 836 2395 ούχ
858 2300 1018 2393 ὑμνούμενα
1029 2309 1122 2373 τύλαι
1140 2309 1188 2373 καί

148 2408 267 2497 ᾁθύμενα
285 2412 330 2474 bat
348 2418 403 2474 τῶν
422 2410 609 2490 Σιβυλλείων,
625 2410 748 2497 θχρθνος
765 2408 857 2496 ι’θστερ
877 2404 991 2494 θφείλιον
1008 2410 1188 2491 imbibente,

149 2513 362 2599 θαρήξειςτυρθς
374 2514 470 2601 ὀρείου,
486 2514 534 2576 καί
550 2514 635 2593 ζέσεις
652 2512 890 2595 θαλασσίας,,ιιαί
908 2521 1012 2599 τετρῶν
1031 2515 1079 2576 καί
1098 2527 1189 2598 φλεγ-

148 2621 237 2696 μονῶν
261 2610 312 2677 tro*
332 2611 484 2694 πνεύματος
505 2611 674 2700 ἀναρρίψεις,
693 2614 741 2675 καὶ
763 2615 861 2700 φθορὰς
881 2612 988 2696 τολύαν
1007 2611 1070 2696 ἅμα
1090 2613 1188 2677 τοσού-

148 2739 209 2786 τοον
226 2713 274 2777 καί
295 2714 474 2793 τηλικούτων,
488 2715 524 2789 ὥς
541 2715 600 2797 μεθ
619 2711 722 2800 ἡμίραν
741 2717 896 2779 ἐσελθοῦσιν
916 2712 1040 2800 ἄγνοιαν,
1053 2713 1119 2778 εἶναι
1141 2714 1190 2778 καί

150 2815 288 2897 ἂσύφιιαν
302 2814 366 2880 θτου
386 2815 557 2901 κατῴκηντο,
571 2821 619 2894 τῆς
630 2815 730 2902 χύορας
743 2815 966 2904 συγκεχυμίνης.
1012 2815 1098 2895 Cum
1120 2822 1190 2900 ήγε-

149 2917 230 3001 μίνος
243 2923 291 2980 τοῦ
304 2915 367 2980 τύτι
382 2917 581 2983 mentionem
603 2916 692 2997 facit,
706 2918 770 2982 fine
784 2916 883 2983 dubio
897 2915 1122 3003 Vespafianum
1137 2915 1188 2982 iu·
1252 2903 1254 2910 ’

150 3018 281 3108 telligit,
305 3042 370 3105 quo
391 3019 571 3106 imperante
592 3021 657 3085 Ao.
681 3020 761 3085 Chr.
784 3035 836 3106 79.
876 3019 1084 3085 Dicaearchea
1098 3033 1191 3087 terre
1250 3092 1255 3105 .

151 3139 247 3216 motu
268 3137 302 3191 et
322 3125 451 3192 Vesuvii
472 3125 601 3213 ignibus
622 3125 790 3213 absumpta
811 3124 884 3191 luit.
927 3124 1127 3192 Verficulum
1150 3125 1191 3193 de

150 3227 331 3316 Vespufiani
344 3241 447 3293 morte
461 3228 508 3293 ita
520 3227 662 3309 exhibui,
674 3241 711 3294 ut
724 3241 876 3315 appareat
886 3249 961 3292 eum
972 3227 1199 3316 fragmentum

151 3329 213 3398 etse
227 3353 267 3395 ex
282 3328 447 3418 Sibyllinis
461 3328 667 3395 carminibus.
712 3329 840 3395 Dubius
857 3342 966 3394 autem
981 3351 1020 3394 ex
1030 3331 1194 3420 uotiffima
1222 3323 1225 3328 ’
1347 3405 1354 3420 ⁸

152 3431 309 3499 sententia
326 3432 388 3511 effe
408 3431 545 3513 videtur,
559 3453 656 3518 quam
672 3430 816 3518 expressit
829 3430 992 3499 Juveuulir
1007 3433 1075 3499 Sat.
1089 3435 1134 3499 X.
1149 3433 1193 3498 vs.

155 3553 229 3603 112·
1113 3596 1119 3600 ,
1146 3590 1148 3595 ,

278 3636 336 3701 Ad
344 3659 485 3724 generum
501 3635 614 3701 Cereris
617 3637 687 3721 stne
702 3637 782 3702 caede
795 3648 825 3701 et
840 3635 964 3702 vulnere
976 3634 1068 3725 pauci
1187 3698 1208 3726 n

280 3739 471 3827 Descendunt
486 3763 580 3827 reges,
593 3740 706 3826 etstcca
722 3751 812 3804 morte
827 3739 956 3825 manni.

152 3838 231 3908 Vid.
255 3839 371 3907 Cicero
391 3841 436 3906 N.
459 3842 504 3907 D.
523 3843 564 3906 L.
588 3842 652 3907 ΙΙΙ.
673 3861 729 3928 33.
751 3841 839 3927 sequ.
882 3840 969 3905 Nam
983 3837 1193 3925 Vespafianus

152 3943 271 4010 morbo
292 3944 476 4031 supremum
494 3943 568 4010 vitae
588 3943 674 4009 diem
697 3941 973 4010 confecit-Alb.
992 3942 1112 4007 etuas.
1132 3943 1193 4028 τιρί

151 4046 186 4111 ri
204 4044 327 4127 Λέσβιον
346 4044 404 4134 ὅρος
423 4048 471 4110 καί
488 4051 536 4125 τήν
555 4046 761 4133 Διααιαρχίαν,
780 4060 815 4110 et
832 4045 873 4109 fic
892 4065 1022 4132 quoque
1035 4044 1122 4109 Voss'.
1138 4043 1192 4108 nifi

188 4208 200 4229 ·
213 4196 270 4261 ρι’μι
280 4199 358 4248 mimi
369 4214 400 4247 ex
415 4200 505 4248 aethere
519 4199 545 4248 in
560 4212 660 4261 corpore
676 4199 806 4248 trahuntur
817 4197 862 4246 see·
874 4195 962 4246 Ellam
973 4210 1012 4259 ep.
1020 4195 1117 4259 loseph.
1129 4196 1199 4246 nme,

155 4281 273 4344 Porphyr.
284 4281 350 4330 ube
362 4279 404 4328 lv.
416 4289 453 4328 tu.

626 4377 721 4443 ⁶83
