2714 4770
148 338 207 417 „a
273 338 326 401 n.
342 336 395 401 w.
415 336 614 400 aunmnv.
634 338 680 396 nr
700 332 1038 397 marmonium

148 496 237 584 Opif.
253 517 351 584 μιν.
366 498 409 564 Α.
445 496 593 565 Julianus
605 497 666 564 Or.
680 498 738 562 [V.
753 519 786 584 p.
801 512 876 581 152.
888 495 928 560 Β.
939 494 985 561 V.
1000 514 1035 580 p.
1052 502 1128 578 172.
1140 493 1187 558 D.

149 598 279 664 Proclus
304 598 436 664 fimilem
461 599 570 665 laudat
592 600 633 664 ad
655 598 785 665 Hesiod.
811 622 844 686 p.
870 617 944 683 151.
976 596 1025 660 καὶ
1053 600 1115 682 γὰρ
1139 596 1188 659 zai

146 701 274 765 Πλάτων
295 703 386 783 φησὶν,
405 707 418 765 ὁ
436 701 548 780 βλέπων
565 707 601 777 εἰς
619 703 651 765 ri
671 703 736 766 θεῖον
757 704 787 779 ἒξ
807 698 1017 784 ἇτελγνεμάτων
1043 700 1144 783 (virui
1163 697 1187 764 f.

147 802 227 886 del.)
243 804 392 884 φυλάττειν
405 806 500 869 ἑαυτὸν
514 805 664 888 σπουδάζει·
674 804 722 868 καὶ
736 800 924 884 ἀσεβημάτων
936 800 1064 865 πάντων.
1090 799 1190 867 ‘Vide

147 905 280 973 omnino
294 905 454 994 Cyrillum
465 928 495 971 c.
505 905 572 973 Jul.
588 909 626 971 L.
641 908 704 971 111.
720 921 774 994 97.
788 906 833 970 D.
863 901 1007 969 Eandem
1026 902 1130 989 paulo
1142 902 1192 968 di·

147 1008 233 1075 verse
250 1009 396 1095 erpreffit
417 1008 533 1074 Cicero
554 1008 720 1075 Seneuut.
742 1008 825 1095 Cap.
848 1016 902 1075 τι.
924 1019 959 1071 et
978 1007 1065 1072 Nat.
1087 1004 1191 1071 Deor.

148 1110 194 1174 11.
210 1130 260 1192 14.
297 1110 360 1197 Ipse
372 1122 471 1175 autem'
484 1112 564 1175 bomo
577 1123 657 1176 ortus
671 1109 766 1197 estad
775 1110 917 1174 mundum
930 1104 1192 1195 mataplan&

147 1223 177 1275 et
197 1212 394 1277 imitandum:
416 1212 474 1278 ubi
496 1214 529 1279 J.
551 1212 694 1279 Davifiua
715 1212 787 1278 hoc·
800 1209 958 1297 placitum
979 1206 1059 1274 solia
1077 1207 1194 1273 tribuit

147 1311 275 1377 Stoicis.
320 1314 394 1379 Fuit
411 1326 533 1394 autem,
551 1313 585 1378 ni
606 1312 711 1393 fallor,
725 1313 789 1378 hoc
807 1311 1026 1398 Anaxagorae,
1041 1308 1192 1375 ordina·

147 1434 243 1500 quem
259 1414 292 1479 in
309 1430 402 1481 motu
420 1439 527 1483 rerum
548 1415 721 1481 coelestinm
742 1413 948 1493 admiramur,
964 1412 1065 1477 nobis
1079 1411 1117 1476 in
1132 1410 1194 1477 viu

147 1515 208 1581 effe
222 1516 478 1603 exprimendum.
506 1518 586 1606 Ejus
600 1531 688 1584 certe
700 1514 874 1602 discipulus
885 1512 1064 1600 Euripiden
1076 1513 1194 1579 Phoen.

147 1618 190 1689 vs..
204 1620 281 1704 546.
301 1616 414 1684 iisdem
436 1620 595 1685 rationum
615 1618 790 1684 momentis
807 1617 957 1684 Jocasten'
970 1618 1131 1681 utentem
1145 1616 1195 1681 fa·

87 1788 99 1812 ⁰
147 1718 300 1799 cit-eum
320 1719 485 1786 Eteoclem
505 1720 546 1786 ad
568 1719 812 1807 temperantiam
832 1718 1004 1801 hqrtatur3
1029 1716 1194 1804 qutimi·

148 1834 235 1887 tatus
265 1823 311 1888 est
333 1822 401 1889 Dio
429 1823 545 1911 Chrys.
570 1825 627 1891 Or.
652 1825 725 1890 XL.
750 1845 785 1910 p.
803 1820 1197 1909 merca-caeram

147 1943 206 2011 pro
224 1922 332 2001 haurn
351 1924 428 1997 οὗτος
445 1929 511 2013 ἀνὴρ
530 1924 632 1993 malui
646 1925 682 1990 αὖ
698 1926 808 2000 tauris
819 1927 905 2007 ἅνὴρέ
929 1944 1009 1987 narn
1025 1921 1195 2010 vulgatum

147 2027 301 2093 nonsatis
315 2028 468 2107 Graecum
482 2027 621 2093 videtur.
655 2029 719 2093 Pro'
730 2028 831 2103 ἐνάνὺαε
847 2023 943 2091 0011.
949 2024 1091 2091 Schott.
1103 2022 1197 2092 Harl.

147 2129 199 2193 M.
215 2128 293 2194 Ald.
309 2143 344 2195 et
357 2130 419 2194 Ed.
434 2129 512 2218 Xyl.
527 2129 646 2204 ἀνάψαι.
692 2131 729 2193 In
751 2127 926 2210 ἀσπάζεσθαι
945 2147 1087 2215 quoque
1100 2126 1196 2215 infige

147 2229 232 2295 niter
253 2231 374 2296 variant
392 2231 486 2297 libri:
509 2231 597 2296 voff.
620 2229 698 2295 Ald.
720 2227 791 2295 Bas.
813 2228 987 2312 ἀσπάζεται.
1017 2230 1073 2297 .T.
1091 2230 1140 2297 V.
1160 2230 1196 2295 B.

147 2344 183 2396 et
205 2333 315 2420 Marg.
338 2333 426 2398 Voss.
448 2332 614 2418 ἁρπάζεται.
660 2331 745 2398 coll.
769 2331 895 2398 Schott.
917 2343 953 2396 et
976 2332 1099 2420 Marg.
1122 2330 1196 2401 ald

146 2432 308 2521 duplicem
324 2447 439 2499 notant
453 2430 612 2499 Ιεᾶἱοειὶε
619 2433 671 2497 div
672 2435 827 2499 erfitatem
844 2433 1026 2516 ἀσπάζεσθαι
1046 2448 1086 2501 et
1106 2434 1198 2521 apri·

148 2534 252 2617 ζετθαν.
298 2537 383 2603 Illud
403 2559 512 2602 verum
535 2536 606 2602 est
597 2560 630 2601 rn
651 2535 807 2622 Stephani
826 2550 859 2601 et
878 2549 1020 2623 utraque
1035 2537 1201 2685 Xylandn

147 2638 233 2706 Edd.
248 2641 465 2726 expreffum.

189 2763 265 2828 550.
292 2745 330 2807 E.
363 2746 445 2821 ssat·
426 2770 461 2808 ων
487 2748 500 2807 ὅ
525 2745 604 2826 θυμὸς
629 2751 683 2807 τῶν
707 2750 807 2830 φρεῶνν
832 2740 988 2827 άντντὲ.ρτν]
1025 2744 1200 2811 Serranum

147 2844 303 2931 areliqua
319 2846 475 2924 oratione,
493 2846 539 2910 in.
550 2867 614 2932 qua
635 2845 768 2925 latebat,
784 2843 998 2909 distinximus.
1048 2846 1203 2936 Euripidi

148 2945 338 3013 tribuendus
358 2948 418 3013 effe
438 2946 573 3027 videtur,
589 2969 665 3012 cum
679 2945 809 3033 quod
781 2968 851 3033 ejus
866 2946 1046 3033 ingenium
1063 2948 1203 3030 redolet,

147 3062 220 3112 tum
234 3050 322 3135 quod
337 3049 478 3136 ejusdem
491 3049 556 3115 duo
573 3049 676 3113 versus
691 3048 732 3112 de
746 3048 793 3113 ira
807 3048 882 3113 huic
895 3046 992 3114 valde
1009 3050 1140 3118 fimilea
1158 3053 1203 3119 le·

146 3163 270 3236 guntur
289 3150 374 3238 apud
397 3152 557 3217 Galenum
578 3154 618 3217 Τ.
640 3154 667 3215 Ι.
689 3150 730 3216 de
747 3151 870 3238 Dogm.
887 3150 1061 3238 Hippocr.
1080 3168 1120 3223 et
1135 3156 1204 3223 Pla·

148 3266 217 3318 ton.
234 3256 274 3319 L.
291 3257 353 3319 111.
368 3277 402 3342 p.
417 3258 490 3341 265.
505 3255 597 3335 alter,
1187 3302 1205 3314 .-

275 3361 314 3425 Ὀ
328 3359 408 3441 inp&
422 3360 504 3423 αὐτὸν
516 3367 571 3423 τῶν
584 3367 682 3446 φρενῶν
696 3360 765 3445 ἑξῇρ’
780 3356 847 3423 niun.

117 3533 120 3543 ¹
147 3458 239 3540 alter,

186 3596 191 3604 ·
274 3565 374 3642 Πηδὸνν
387 3564 408 3626 δ’
423 3568 436 3627 ὁ
450 3564 530 3644 θυμὸς
545 3562 641 3627 ἔνδοθεν
653 3562 832 3647 μαντεύεταν.

147 3664 269 3752 Soepiua
284 3666 331 3729 ira
345 3679 467 3729 mentem
485 3663 631 3751 trarfiIire
650 3665 777 3732 dicitur.
823 3662 945 3728 Seneca
960 3663 1006 3732 de
1022 3668 1086 3737 Ira
1107 3675 1149 3741 Ι,
1162 3674 1204 3741 11.

179 3891 272 3942 ‘Hinc
288 3890 366 3952 ιε’τμτ
382 3894 461 3943 dictus
479 3893 546 3943 Plato
566 3893 640 3956 Gorg.
688 3892 822 3941 Iamblich.
839 3891 955 3953 Protrept.
972 3908 999 3955 p.
1014 3905 1063 3952 ³7.
1093 3901 1168 3953 Philo
1179 3902 1207 3953 Τ.

147 3982 203 4022 aot.
217 3975 246 4023 c.
261 3990 312 4037 quo
329 3976 420 4039 respiat
435 3976 529 4024 Aristid.
539 3976 572 4023 11.
585 3986 639 4025 ran.
689 3974 722 4020 11.
736 3988 760 4036 p.
771 3983 827 4021 tua.
847 3971 920 4034 Diog.
932 3972 961 4019 L.
975 3975 1011 4024 11.
1025 3989 1073 4031 ιο.
1103 3984 1205 4048 Pure,-

146 4064 237 4127 οων.
264 4055 333 4103 Philo
348 4057 405 4104 Jud.
422 4062 478 4105 838.
493 4056 524 4114 A,
537 4055 564 4102 Β.
581 4063 638 4112 072,
688 4069 736 4103 one
750 4054 821 4117 Pyth.
836 4067 875 4116 ap.
890 4053 960 4102 stob.
974 4071 1001 4119 p.
1012 4066 1043 4122 ⁶,
1056 4075 1105 4113 ει.
1132 4067 1206 4130 zmy-

146 4142 204 4188 aya.
223 4143 278 4183 aot.
295 4137 325 4184 Α.
348 4148 403 4189 aaa.
417 4137 445 4184 c.
477 4138 572 4199 Fragm.
596 4136 638 4184 Ed.
689 4138 773 4199 pham.
784 4135 817 4184 ib.
829 4143 886 4192 aar,
901 4144 924 4183 a.
948 4136 1007 4187 Cic.
1022 4142 1086 4196 rin.
1100 4147 1179 4199 m.

147 4214 233 4277 rung.
245 4216 278 4263 11.
290 4224 345 4266 aas.
370 4218 477 4266 taam.
490 4218 534 4266 ιιι.
545 4230 568 4269 9.
581 4230 603 4267 ⁴.
615 4229 639 4267 er
720 4218 841 4266 anama.
853 4218 872 4264 1.
885 4225 942 4274 aar.
1218 4202 1221 4207 '

148 4306 184 4346 1⁵.
219 4298 314 4348 annot.
340 4300 419 4349 Ethic.
445 4301 547 4350 Eadem.
571 4301 590 4349 1.
615 4313 638 4350 a.
719 4297 926 4363 *unctiore-11.
940 4302 1049 4358 ΕΔΜ.
