2714 4770
230 317 286 377 uu
306 317 410 378 suaa
428 318 608 378 utnflms
627 281 833 380 inumera
855 340 884 400 p.
900 336 968 399 557.
982 322 1019 392 n,
1031 323 1066 382 c.
1131 322 1191 400 383

192 491 212 561 5
213 492 267 562 57.
282 477 322 543 B.
336 477 592 565 Ἀλέξανδρον-ηδ
606 478 779 567 Epaulion
791 478 865 546 ἄστυ
878 481 1075 567 cuffiam]
1093 482 1194 547 Brau-

150 579 255 645 chidae
275 580 452 668 ftemplum
471 581 634 669 Apollinis
652 581 817 670 Didymei
839 583 958 664 Mileti,
977 583 1073 673 cujus
1092 586 1195 650 sacer·

151 680 278 747 dotium
299 705 412 748 eorum
434 683 557 750 familia
578 684 620 749 ab
642 684 819 750 innumeris
836 684 906 774 jam
926 685 1017 751 annis
1032 701 1196 767 tenuerat,

149 784 283 865 Xerxis
300 785 429 852 Graecia
441 786 589 853 redeunti
606 786 833 874 prodiderunt:
857 811 917 876 pro
936 812 1002 877 qno
1017 790 1079 855 illis
1093 791 1194 856 bene-

152 886 225 952 ficio
244 888 357 952 urbem
375 888 409 954 in
426 889 590 977 Sogdiana
610 888 748 954 condere
766 890 928 956 conceffit.
973 892 1068 956 Hauc
1090 892 1198 978 postea

71 1031 77 1043 -
153 988 336 1054 Alexander
355 991 421 1071 M„
436 990 513 1058 odio
527 991 626 1079 hujus
639 991 843 1080 proditionis,
857 991 1003 1058 funditus
1018 992 1129 1071 diruit,
1146 993 1197 1057 in-
1250 1000 1256 1009 '

153 1091 302 1179 colasque
324 1091 545 1158 internecione
566 1093 696 1160 delevit.
727 1093 804 1160 Vid.
821 1094 953 1159 Curtius
967 1096 1008 1159 1.
1022 1095 1101 1160 VII.
1117 1115 1148 1159 c.
1162 1111 1199 1179 5.

153 1208 188 1258 et
209 1193 256 1258 ibi
278 1194 469 1260 Freinshem.
495 1194 619 1261 AElian.
645 1217 698 1282 ap.
722 1195 814 1261 Suid.
837 1197 880 1262 V.
905 1195 1083 1283 Bpayxssar.
1105 1210 1139 1262 et
1161 1197 1198 1263 P.

154 1296 344 1384 Weffeling.
367 1297 409 1362 ad
430 1297 565 1364 Herod.
579 1301 618 1364 1.
641 1300 701 1364 VI.
724 1320 758 1385 p.
774 1300 851 1381 446.
896 1298 1065 1377 Ceterum,
1087 1312 1124 1364 ut
1141 1321 1198 1364 ex·

153 1398 234 1463 imia
258 1400 301 1463 est
324 1398 357 1464 in
380 1399 530 1464 eruendis
552 1399 753 1487 antiquitatis
774 1401 994 1466 monumentis
1013 1400 1198 1489 Auglorum

87 1511 90 1517 ’
153 1501 315 1582 industria,
326 1501 373 1567 ita
385 1524 488 1588 nuper
499 1502 635 1567 detedtis
649 1502 747 1590 hujus
762 1502 875 1590 templi
888 1502 1000 1583 ruinis,
1012 1502 1199 1591 praeclaram

153 1604 225 1692 ejus
245 1603 490 1691 descriptionem
513 1605 736 1670 confecerunt.
779 1603 863 1670 Vide
877 1606 986 1670 Ionian
1003 1606 1200 1694 Antiquitier,

151 1706 308 1795 publisbcd
326 1707 403 1770 with
419 1706 585 1794 permiffion
604 1706 642 1793 qs
655 1708 705 1770 the
726 1704 837 1793 Sociasy
859 1705 898 1793 of
911 1707 1080 1788 Dilmun,
1103 1709 1199 1795 bva.

156 1811 320 1876 Chandler.
341 1810 478 1874 London.
496 1812 590 1895 1769.

197 1928 275 1999 557.
292 1913 330 1975 B.
351 1912 530 1996 Ἀγαθοκλῆς
543 1913 570 1976 δὲ
586 1917 599 1974 ὁ
613 1909 813 1999 Συρακουσίων
825 1911 978 1997 τύραννος]
1004 1910 1093 1976 Prius
1108 1912 1198 1999 Aga-
1209 1901 1256 1977 65

156 2014 275 2080 thoclis
295 2014 418 2080 dislum
439 2014 537 2080 refert
556 2014 748 2079 Plutarchus
762 2014 1010 2102 Apophthsgm.
1026 2037 1060 2101 p.
1076 2016 1149 2098 176.
1166 2017 1201 2081 F.

156 2118 374 2203 Ἐγκαλούντωι
392 2120 421 2182 di
439 2122 496 2192 τοῖς
515 2118 628 2194 ναύταις
649 2120 734 2182 mirsi
752 2125 808 2182 τῶν
826 2117 1000 2198 Ἰθακησίων,
1015 2116 1057 2182 ὅτι
1076 2121 1111 2204 τῇ
1130 2117 1203 2204 alep

155 2221 362 2306 προσβαλόντες
371 2229 426 2286 τῶν
439 2221 603 2307 θρεμμάτων
615 2224 680 2285 τινὰ
692 2220 873 2285 ἀπέσπασαν·
892 2225 932 2284 ‘0
944 2222 973 2285 ii
986 2218 1125 2307 ὑμέτερος,
1141 2220 1202 2303 ἔφη,

155 2325 291 2404 ammuh
309 2323 392 2388 ἐλθὸν
410 2324 477 2411 πρὸς
493 2330 577 2407 ἡμᾶς,
590 2327 621 2386 orl
638 2322 774 2406 μόνοντὰ
792 2323 925 2412 πρόβατα
943 2321 1041 2404 λαβὰν
1056 2325 1137 2387 ἁλλὰ
1152 2322 1204 2387 καὶ
1236 2396 1239 2403 ,

156 2435 204 2497 riv
216 2431 333 2516 respira
344 2430 600 2516 προσεκτυφλῶσας
612 2431 729 2508 risisse.

197 2549 274 2622 557.
289 2534 331 2600 C.
352 2533 541 2618 Ἀτοπῶτφος
560 2533 664 2596 τούτων
680 2531 842 2610 Ἀπόλλων,
859 2535 882 2595 εἰ
896 2531 1039 2606 Φινιᾶτας
1059 2531 1204 2596 ἀπόλλυσι

155 2639 217 2711 τοὺς
232 2642 276 2699 νῦν
289 2636 433 2722 ἰμφςᾶξας
446 2634 478 2697 td
493 2634 631 2719 βάραθρον
644 2660 673 2697 κ.
685 2658 715 2697 τ.
729 2633 776 2716 λ.]
801 2632 854 2697 Ad
868 2634 1034 2698 Nonacria
1051 2632 1203 2698 Arcadiae

157 2742 273 2806 urbem
288 2761 353 2805 non
369 2736 483 2825 procul
493 2759 514 2802 a
526 2736 656 2802 Pheneo
670 2736 772 2816 fitam,
787 2735 861 2800 sons
877 2736 990 2823 Stygis
1001 2733 1089 2800 fluvii
1104 2735 1206 2800 scatu-
1243 2742 1246 2749 ’

158 2842 223 2924 riit,
246 2841 334 2928 quod
356 2841 477 2906 constat
498 2861 539 2904 ex
560 2839 732 2904 Herodoto
750 2840 788 2904 L.
806 2838 868 2904 Vl.
888 2859 921 2925 p.
935 2852 1013 2920 47².
1049 2836 1206 2902 sAEliano
1328 2925 1330 2932 Ι

159 2947 207 3010 Η.
229 2945 274 3010 Α.
296 2945 340 3008 X.
360 2962 416 3024 40.
439 2957 474 3008 et
495 2940 672 3030 Porphyrio
689 2941 731 3007 de
750 2941 854 3030 Styge
871 2962 924 3029 ap.
945 2941 1038 3017 Stob.
1054 2939 1148 3028 Phys.
1169 2962 1205 3027 p.

160 3065 235 3132 130.
258 3044 315 3132 qui
334 3044 405 3110 htec
424 3056 458 3109 et
472 3043 565 3131 plura
580 3048 619 3109 eh
634 3042 835 3108 Callimacho
849 3059 883 3107 et
899 3041 1033 3108 Philone
1048 3042 1205 3108 Heracle·
1324 3092 1328 3099 .

158 3162 214 3217 ota
227 3149 338 3214 refert.
385 3145 494 3234 Hujus
508 3167 601 3233 aque
616 3167 692 3210 cuna
706 3146 795 3233 prius
815 3151 980 3232 perterre
995 3145 1133 3225 hiatum,
1148 3146 1206 3232 qui

156 3252 294 3342 βάραθρον
310 3249 495 3328 vocabatur,
509 3249 701 3330 defluerent,
712 3249 821 3338 postea
834 3248 997 3314 obstrusio
1011 3247 1095 3314 sorte
1110 3248 1205 3313 bara-

158 3355 245 3437 thro,
269 3352 504 3420 Pheneatarum
527 3350 693 3439 regionem
715 3349 928 3430 inundarunt,
948 3351 1128 3436 urbemque
1145 3351 1205 3416 ab·

157 3457 359 3535 sorbuerunt,
381 3467 419 3519 ut
440 3452 555 3518 diserte
577 3451 685 3540 prodit
708 3452 875 3518 Pausanias
896 3452 936 3515 L.
957 3452 1054 3517 Vlll.
1079 3473 1112 3538 p.
1128 3452 1206 3535 627.

158 3556 215 3623 ubi
234 3556 390 3621 videndus
409 3559 441 3624 J.
467 3557 629 3638 Kuhnius‚
654 3571 689 3623 et
714 3558 774 3621 Ea.
798 3552 1015 3644 Spanhemius
1037 3552 1080 3618 sd
1102 3551 1206 3618 Calli·

158 3659 268 3724 mach.
286 3660 333 3723 H.
353 3659 386 3723 in
401 3659 478 3724 Del.
493 3660 536 3725 vs.
553 3676 607 3744 71.
651 3661 747 3724 Hanc
761 3657 980 3725 calamitatem
995 3655 1120 3744 vulgari
1136 3654 1207 3742 opi·

159 3760 257 3826 nione
276 3760 422 3850 Apollini
442 3761 566 3829 auctori
586 3762 743 3828 tributam
763 3761 854 3827 fuisse
874 3758 1028 3848 fignificat
1042 3756 1114 3822 h.'l.
1130 3756 1215 3822 Plu·-

77 3902 83 3911 ι
158 3864 301 3930 tarchus.
348 3865 449 3952 Atqui
472 3864 535 3931 hoc
552 3864 684 3952 quidem
704 3864 838 3943 constat,
861 3859 1039 3927 Herculem
1059 3882 1136 3925 cum
1155 3859 1206 3924 A·

157 3965 280 4055 polline
294 3965 336 4031 de
350 3966 477 4053 tripode
492 3966 664 4033 decertasse
683 3987 825 4053 eumque
843 3962 1019 4044 abstulisse3
1043 3984 1118 4028 nam
1131 3961 1207 4051 ipse

182 4136 253 4186 me
270 4137 355 4200 templi
371 4135 464 4199 origine
476 4138 591 4199 quedam
602 4136 659 4185 Me·
707 4150 762 4184 nec.
775 4135 852 4185 QN.
863 4135 909 4184 111.
922 4146 966 4185 2³.
985 4133 1102 4198 Antigon.
1114 4133 1206 4196 canysi·

209 4253 216 4270 .
253 4254 259 4268 .
292 4253 299 4268 .
324 4254 330 4266 .
375 4253 382 4269 .
708 4215 840 4265 CLXXIV.

159 4234 207 4344 ηιξ
220 4221 291 4351 ll’linL
306 4219 371 4351 irriti
389 4301 448 4350 Nat.
471 4301 505 4350 11.
529 4306 583 4364 too.
616 4301 660 4350 Se·
