2714 4770
350 366 406 427 ou
427 365 536 440 rsmu
555 365 609 424 ur
629 365 806 426 osramu.
826 365 993 446 p.355.o.
1133 369 1188 447 185
1236 414 1250 430 ,.
1347 388 1352 407 =

148 529 239 592 αὐτῶν
252 551 284 590 rr
300 526 348 589 xci
362 532 417 590 τῶν
430 525 606 613 πραγμάτων
625 527 766 605 δνᾶληψνν.
811 525 901 592 Alias
920 524 1062 608 νύσεβνΙνις
1075 525 1190 593 defini·

147 626 253 697 tiones
268 626 347 692 aiibi
359 626 564 715 attingimus.

189 745 210 812 5
211 741 268 813 55.
278 728 322 793 D.
344 725 471 812 Λόγπαν
485 728 513 791 tt
529 731 542 790 ὁ
556 728 696 812 μῦθος-]
721 726 842 793 Fabula
855 749 920 793 uon
936 748 1025 792 mere
1039 725 1191 815 allegori-

147 853 199 906 ca,
213 844 252 897 ut
265 830 434 896 contendit
452 829 656 896 Jablonskius
674 832 790 896 Panth.
803 832 884 918 AEg.
901 833 935 896 P.
952 832 980 895 1.
996 852 1029 917 p.
1045 850 1117 917 ¹43·
1139 829 1192 897 sed

147 933 191 999 est
205 948 240 999 et
254 933 402 999 historica
416 945 450 997 et
464 932 650 1021 allegorica.
695 919 937 1022 Argumentum
953 948 988 999 et
1005 933 1090 1020 quafi
1113 933 1191 998 suu·

148 1034 339 1102 dementum
365 1036 408 1100 est
432 1035 638 1101 historicum:
664 1034 730 1101 duo
753 1035 841 1123 paria
863 1058 976 1124 regum
999 1035 1134 1100 fratrum
1159 1047 1204 1119 ct(

148 1136 327 1226 conjugum
349 1138 550 1203 vetustishma
570 1138 656 1204 sama
677 1137 889 1204 traditorum:
913 1138 1051 1203 alterum
1070 1136 1198 1204 benefi-

148 1261 238 1319 cum,
255 1239 347 1325 Ofirir
359 1254 394 1307 et
408 1240 481 1325 ists.-
503 1262 615 1304 eorum
636 1240 719 1305 filius
735 1240 860 1304 Horas.-
881 1238 1018 1304 alterum
1034 1238 1097 1303 illis
1111 1236 1193 1303 con·'
1212 1322 1216 1330 Ι

149 1343 284 1419 trarium
300 1357 331 1409 et
347 1342 528 1422 inimicum,
543 1342 738 1423 maleficum,
753 1343 874 1432 Typhon
887 1355 921 1407 et
935 1342 1108 1430 Nephthyr:
1129 1341 1194 1407 alis
1232 1429 1235 1435 ⁸

148 1445 247 1511 etiam
267 1445 401 1511 numina
413 1446 476 1511 illis
493 1446 596 1512 socia:
621 1468 759 1533 quorum
775 1445 1120 1532 persou1e,res,saetu‚
1136 1465 1194 1530 per

148 1548 355 1636 allegoricam
380 1548 680 1634 interpretationem
702 1548 743 1636 ad
766 1548 908 1637 regionis
927 1547 1067 1636 AEgypti
1094 1559 1192 1612 natu·
1328 1550 1329 1554 ’

144 1670 229 1728 ram,
241 1649 386 1730 fluvium,
398 1650 531 1730 coelum,
543 1650 844 1716 accommodantur.
868 1648 1070 1726 Plutarchus,
1083 1669 1194 1734 quam·

149 1751 194 1816 vis
206 1752 322 1818 fabulae
335 1752 492 1840 partibus,
505 1764 543 1818 ut
551 1753 608 1832 ait,
622 1752 717 1818 nimis
728 1751 968 1840 supervacaneis
981 1764 1014 1816 et
1023 1750 1193 1816 inutilibus

148 1853 279 1934 omitiis,
297 1869 405 1919 tamen
427 1855 460 1920 in
483 1853 546 1920 hoc
568 1855 639 1942 ejus
661 1855 856 1941 compendio
877 1877 949 1920 eam
970 1855 1097 1941 copiam
1118 1852 1193 1920 dili-

148 1956 359 2044 gentiamque
382 1956 503 2037 retulit,
524 1974 562 2022 ut
583 1957 636 2022 hic
658 1980 743 2022 unus
767 1957 799 2022 in
820 1974 963 2023 veterum
989 1956 1079 2022 libris
1101 1955 1194 2022 nobis

148 2060 248 2124 exstet
269 2059 362 2126 iocus
381 2060 469 2125 unde
489 2058 552 2124 hoc
569 2074 799 2147 argumentum
815 2046 889 2126 satis
903 2059 1017 2125 diserte
1032 2058 1193 2125 distinste·

149 2183 213 2248 que
243 2160 488 2248 cognoscamus.
532 2161 619 2226 Nam
646 2161 704 2248 qui
730 2161 801 2249 ejus
827 2161 984 2226 rationem
1010 2162 1195 2228 habuemnt

149 2263 204 2329 alii
229 2262 296 2329 duo
322 2262 502 2350 scriptores,
528 2262 692 2328 Diodorus
715 2262 780 2328 Sic.
806 2266 833 2328 Ι.
855 2282 991 2351 13-22.
1014 2286 1063 2329 res
1086 2263 1194 2330 civiles

148 2380 183 2432 et
204 2366 336 2433 bellicas
358 2365 556 2453 persequitur
578 2365 719 2458 Osrridis3
743 2366 871 2432 obitum
894 2381 929 2432 et
950 2365 1036 2431 sacra
1050 2366 1195 2433 breviter

149 2468 350 2557 perstringitr
374 2469 523 2556 Synesius
545 2468 579 2534 in
600 2468 683 2534 libro
703 2471 754 2534 De
774 2469 981 2549 Providentia,
995 2468 1037 2533 de
1051 2468 1112 2534 hac
1127 2469 1194 2558 ipsa

150 2570 306 2658 majorem
330 2585 455 2658 partem
482 2569 736 2658 philosophatur,
757 2569 842 2637 satta
862 2584 896 2636 et
917 2570 1026 2637 casum
1051 2571 1194 2653 Osiridis,

148 2673 191 2738 ad
213 2672 429 2739 calamitatem
447 2672 759 2759 conversionemque,
772 2672 829 2737 sua
849 2685 944 2737 aetate
959 2673 1108 2760 AEgypto
1122 2673 1192 2739 illa·
1330 2686 1331 2690 ’

149 2790 229 2853 tam,
250 2774 487 2862 significandam
511 2774 668 2840 transtulit
684 2788 782 2861 atque
802 2774 996 2855 immutavit,
1011 2797 1144 2841 arcanea
1159 2791 1194 2845 et

150 2877 297 2965 mysticas
309 2875 426 2942 sabulae
440 2891 546 2962 partes
561 2874 810 2962 pretermittens
826 2898 857 2938 v.
869 2897 899 2940 c.
914 2896 946 2961 p.
961 2895 1033 2940 110.
1047 2878 1094 2941 D.
1119 2892 1192 2964 115.

150 2980 191 3045 C.
217 2998 290 3066 123.
307 2978 348 3045 C.
371 2978 412 3045 de
431 2978 532 3064 iisque
547 2976 773 3043 Herodoteum
787 2976 911 3060 εὔστομα
926 2977 1026 3042 mirso
1038 2976 1194 3066 objiciens

151 3106 184 3172 p.
202 3102 274 3165 124.
290 3083 333 3147 A.
370 3081 566 3147 Conferatur
586 3078 790 3145 Jablonssriua
813 3080 929 3147 Panth.
951 3081 1031 3169 AEg.
1054 3084 1088 3148 P.
1113 3086 1140 3149 1.
1160 3108 1194 3174 p.

151 3206 225 3273 205.
263 3185 428 3251 Caeterum
451 3206 491 3250 ex
512 3183 576 3250 hoc
598 3182 803 3271 AEgyptiacae
824 3183 1013 3250 narrationis
1035 3185 1195 3277 principio

150 3287 313 3354 tmdudtos
331 3287 486 3376 quosdam
509 3285 600 3353 locos
619 3286 651 3351 in
672 3287 861 3352 Graecorum
877 3287 1090 3377 mythologiis
1105 3290 1193 3372 ferri,

150 3391 268 3478 cuique
282 3403 405 3455 attente
419 3388 540 3478 legenti
554 3387 668 3474 sponte
681 3403 841 3454 occurret.

193 3509 269 3578 355.
284 3494 328 3558 D.
353 3498 410 3569 Τῆς
429 3489 671 3576 Ῥίας-ἆγουσι]
698 3491 804 3555 Graeci
826 3492 899 3556 sunt
918 3490 965 3556 dii
984 3486 1216 3559 81111111111801ΙΙ

152 3596 254 3675 Rhea,
271 3616 408 3681 quorum
428 3593 534 3660 neutri
549 3593 748 3682 AEgyptium
765 3616 887 3659 numen
902 3616 1004 3658 unum
1019 3605 1193 3662 etcertum

150 3699 245 3787 plane
270 3696 451 3783 respondet,
472 3697 526 3763 sed
548 3697 641 3785 plura
658 3696 774 3783 partim
797 3710 830 3762 et
851 3697 1094 3784 quodammodo
1112 3721 1194 3765 con·

148 3816 286 3891 gruunt.
332 3789 430 3866 Certe
447 3815 595 3887 parentes
609 3799 656 3866 illi
669 3799 804 3866 deorum
819 3822 839 3865 a
852 3799 974 3867 Grecis
989 3803 1146 3868 Saturnus
1161 3818 1196 3871 et
1292 3858 1300 3877 ,

152 3905 245 3971 Rhea
268 3901 438 3980 nominati,
459 3901 501 3966 ab
523 3902 633 3969 iisdem
656 3902 741 3968 hano
759 3902 951 3990 AEgyptiam
978 3902 1119 3968 fabulam
1142 3904 1209 3974 iu-'

151 4000 416 4093 terpretantibus‚
430 4024 506 4068 cum
519 4003 647 4069 duobus
662 4004 694 4069 in
709 4027 749 4070 ea
763 4004 887 4070 traditis
903 4003 1088 4070 numinibus
1102 4027 1194 4071 oom-

105 4137 108 4140 ·
152 4106 308 4174 municati
324 4105 407 4170 sunt.
448 4105 597 4198 Indidem
615 4107 713 4172 Rheae
727 4106 870 4194 quinque
886 4120 996 4194 partus
1009 4107 1107 4172 refert
1124 4108 1196 4175 Plu-

152 4211 284 4278 tarchus
305 4212 358 4276 De
380 4211 477 4277 Orac.
504 4211 633 4277 Desest.
656 4234 690 4299 p.
708 4232 786 4299 429.
808 4215 851 4277 F:
878 4217 926 4291 τὴν
946 4213 1025 4278 Ῥέαν
1045 4211 1196 4298 Αἰγύπτιον

149 4315 338 4400 μνθολνγοῦσι
360 4312 439 4380 sim
462 4315 532 4392 θινὸς
553 4317 653 4395 russis,
668 4315 846 4399 αἰνιττόμενοι
863 4320 912 4396 τὴν
932 4322 964 4382 ix
980 4321 1047 4403 μνᾷς
1061 4313 1129 4395 ὅλης
1141 4323 1219 4381 rsitx
