<?xml version="1.0" encoding="UTF-8"?>
<!DOCTYPE html PUBLIC "-//W3C//DTD XHTML 1.0 Transitional//EN"
    "http://www.w3.org/TR/xhtml1/DTD/xhtml1-transitional.dtd">
<html xmlns="http://www.w3.org/1999/xhtml" xml:lang="en" lang="en">
 <head>
  <title>
</title>
<meta http-equiv="Content-Type" content="text/html;charset=utf-8" />
  <meta name='ocr-system' content='tesseract 3.04.00' />
  <meta name='ocr-capabilities' content='ocr_page ocr_carea ocr_par ocr_line ocrx_word'/>
</head>
<body>
  <div class='ocr_page' id='page_1' title='image "./plutarchichaero25plutgoog_0112.png"; bbox 0 0 2714 4770; ppageno 0'>
   <div class='ocr_carea' id='block_1_1' title="bbox 182 330 1187 418">
    <p class='ocr_par' dir='ltr' id='par_1_1' title="bbox 182 330 1187 418">
     <span class='ocr_line' id='line_1_1' title="bbox 182 330 1187 418; baseline -0.002 -18"><span class='ocrx_word' id='word_1_1' title='bbox 182 339 240 400; x_wconf 79' lang='lat' dir='ltr'><strong>Da</strong></span> <span class='ocrx_word' id='word_1_2' title='bbox 258 330 454 400; x_wconf 69' lang='lat' dir='ltr'><strong>nonium</strong></span> <span class='ocrx_word' id='word_1_3' title='bbox 473 336 753 398; x_wconf 82' lang='lat' dir='ltr'><strong>ROMANORUM.</strong></span> <span class='ocrx_word' id='word_1_4' title='bbox 775 359 803 418; x_wconf 89' lang='lat' dir='ltr'><strong>p.</strong></span> <span class='ocrx_word' id='word_1_5' title='bbox 819 351 888 416; x_wconf 76' lang='lat'><strong>325.</strong></span> <span class='ocrx_word' id='word_1_6' title='bbox 901 336 1040 414; x_wconf 74' lang='lat'><strong>13-326.</strong></span> <span class='ocrx_word' id='word_1_7' title='bbox 1054 337 1088 397; x_wconf 84' lang='grc' dir='ltr'><strong>Α.</strong></span> <span class='ocrx_word' id='word_1_8' title='bbox 1133 351 1187 417; x_wconf 81' lang='lat'><strong>105</strong></span> 
     </span>
    </p>
   </div>
   <div class='ocr_carea' id='block_1_2' title="bbox 137 495 1348 4372">
    <p class='ocr_par' dir='ltr' id='par_1_2' title="bbox 148 495 1193 689">
     <span class='ocr_line' id='line_1_2' title="bbox 148 495 1193 585; baseline -0.001 -22"><span class='ocrx_word' id='word_1_9' title='bbox 148 517 272 582; x_wconf 77' lang='lat'><strong>-144.</strong></span> <span class='ocrx_word' id='word_1_10' title='bbox 288 521 430 585; x_wconf 90' lang='lat' dir='ltr'><strong>quocum</strong></span> <span class='ocrx_word' id='word_1_11' title='bbox 447 498 592 564; x_wconf 89' lang='lat' dir='ltr'><strong>conferre</strong></span> <span class='ocrx_word' id='word_1_12' title='bbox 607 519 714 585; x_wconf 83' lang='lat' dir='ltr'><strong>operae</strong></span> <span class='ocrx_word' id='word_1_13' title='bbox 733 496 872 585; x_wconf 88' lang='lat' dir='ltr'><strong>pretium</strong></span> <span class='ocrx_word' id='word_1_14' title='bbox 888 497 931 562; x_wconf 88' lang='lat' dir='ltr'><strong>est</strong></span> <span class='ocrx_word' id='word_1_15' title='bbox 949 495 1076 561; x_wconf 88' lang='lat' dir='ltr'><strong>Livium</strong></span> <span class='ocrx_word' id='word_1_16' title='bbox 1091 498 1135 562; x_wconf 92' lang='lat' dir='ltr'><strong>V.</strong></span> <span class='ocrx_word' id='word_1_17' title='bbox 1150 499 1193 579; x_wconf 89' lang='lat'><strong>46</strong></span> 
     </span>
     <span class='ocr_line' id='line_1_3' title="bbox 148 596 1190 689; baseline 0 -25"><span class='ocrx_word' id='word_1_18' title='bbox 148 600 405 689; x_wconf 80' lang='lat' dir='ltr'><strong>-49.-Vulgo</strong></span> <span class='ocrx_word' id='word_1_19' title='bbox 424 599 594 688; x_wconf 83' lang='lat' dir='ltr'><strong>legebatur</strong></span> <span class='ocrx_word' id='word_1_20' title='bbox 612 598 770 686; x_wconf 73' lang='grc' dir='ltr'><strong><em>ὲιἈλλίρι,</em></strong></span> <span class='ocrx_word' id='word_1_21' title='bbox 788 598 875 686; x_wconf 91' lang='lat' dir='ltr'><strong>quod</strong></span> <span class='ocrx_word' id='word_1_22' title='bbox 888 620 928 664; x_wconf 82' lang='lat' dir='ltr'><strong>ex</strong></span> <span class='ocrx_word' id='word_1_23' title='bbox 943 596 1070 664; x_wconf 85' lang='lat' dir='ltr'><strong>Schott.</strong></span> <span class='ocrx_word' id='word_1_24' title='bbox 1085 599 1190 664; x_wconf 83' lang='lat' dir='ltr'><strong>verrit:</strong></span> 
     </span>
    </p>

    <p class='ocr_par' dir='ltr' id='par_1_3' title="bbox 150 699 1288 893">
     <span class='ocr_line' id='line_1_4' title="bbox 150 699 1288 790; baseline -0.004 -23"><span class='ocrx_word' id='word_1_25' title='bbox 150 704 197 767; x_wconf 81' lang='lat' dir='ltr'><strong>nd</strong></span> <span class='ocrx_word' id='word_1_26' title='bbox 216 701 350 768; x_wconf 83' lang='lat' dir='ltr'><strong>Alliam:</strong></span> <span class='ocrx_word' id='word_1_27' title='bbox 372 724 438 790; x_wconf 94' lang='lat' dir='ltr'><strong>quo</strong></span> <span class='ocrx_word' id='word_1_28' title='bbox 452 702 541 768; x_wconf 89' lang='lat' dir='ltr'><strong>sensu</strong></span> <span class='ocrx_word' id='word_1_29' title='bbox 555 705 582 767; x_wconf 75' lang='grc' dir='ltr'><strong>ἐι</strong></span> <span class='ocrx_word' id='word_1_30' title='bbox 597 701 675 767; x_wconf 91' lang='lat' dir='ltr'><strong>item</strong></span> <span class='ocrx_word' id='word_1_31' title='bbox 690 702 875 788; x_wconf 83' lang='lat' dir='ltr'><strong>usurpatur:</strong></span> <span class='ocrx_word' id='word_1_32' title='bbox 894 699 993 766; x_wconf 86' lang='lat' dir='ltr'><strong>veluti</strong></span> <span class='ocrx_word' id='word_1_33' title='bbox 1006 707 1021 778; x_wconf 79' lang='grc' dir='ltr'><strong>ἡ</strong></span> <span class='ocrx_word' id='word_1_34' title='bbox 1035 703 1062 764; x_wconf 70' lang='lat' dir='ltr'><strong>iv</strong></span> <span class='ocrx_word' id='word_1_35' title='bbox 1076 704 1191 787; x_wconf 77' lang='grc' dir='ltr'><strong><em>Χοιροο-</em></strong></span> <span class='ocrx_word' id='word_1_36' title='bbox 1285 721 1288 724; x_wconf 65' lang='grc'>’</span> 
     </span>
     <span class='ocr_line' id='line_1_5' title="bbox 152 801 1194 893; baseline -0.003 -24"><span class='ocrx_word' id='word_1_37' title='bbox 152 803 212 893; x_wconf 77' lang='grc' dir='ltr'><strong><em>ιιίρι</em></strong></span> <span class='ocrx_word' id='word_1_38' title='bbox 225 806 321 892; x_wconf 78' lang='grc' dir='ltr'>μάχη,</span> <span class='ocrx_word' id='word_1_39' title='bbox 332 819 438 893; x_wconf 80' lang='lat' dir='ltr'><strong>pugna</strong></span> <span class='ocrx_word' id='word_1_40' title='bbox 452 806 496 869; x_wconf 86' lang='lat' dir='ltr'><strong>ad</strong></span> <span class='ocrx_word' id='word_1_41' title='bbox 511 803 712 885; x_wconf 85' lang='lat' dir='ltr'><strong>Cboeroneam,</strong></span> <span class='ocrx_word' id='word_1_42' title='bbox 727 802 814 891; x_wconf 91' lang='lat' dir='ltr'><strong>quod</strong></span> <span class='ocrx_word' id='word_1_43' title='bbox 829 816 863 867; x_wconf 90' lang='lat' dir='ltr'><strong>et</strong></span> <span class='ocrx_word' id='word_1_44' title='bbox 880 824 938 868; x_wconf 84' lang='lat' dir='ltr'><strong>nos</strong></span> <span class='ocrx_word' id='word_1_45' title='bbox 952 802 1137 867; x_wconf 75' lang='lat' dir='ltr'><strong>monuimus</strong></span> <span class='ocrx_word' id='word_1_46' title='bbox 1152 801 1194 867; x_wconf 88' lang='lat' dir='ltr'><strong>ad</strong></span> 
     </span>
    </p>

    <p class='ocr_par' dir='ltr' id='par_1_4' title="bbox 152 904 1194 995">
     <span class='ocr_line' id='line_1_6' title="bbox 152 904 1194 995; baseline -0.004 -23"><span class='ocrx_word' id='word_1_47' title='bbox 152 928 188 994; x_wconf 83' lang='lat' dir='ltr'><strong>p.</strong></span> <span class='ocrx_word' id='word_1_48' title='bbox 208 908 261 974; x_wconf 80' lang='lat'><strong>82.</strong></span> <span class='ocrx_word' id='word_1_49' title='bbox 285 909 329 973; x_wconf 90' lang='lat' dir='ltr'><strong>D.</strong></span> <span class='ocrx_word' id='word_1_50' title='bbox 349 922 383 973; x_wconf 86' lang='lat' dir='ltr'><strong>et</strong></span> <span class='ocrx_word' id='word_1_51' title='bbox 403 906 634 995; x_wconf 83' lang='lat' dir='ltr'><strong>Weffelingiua</strong></span> <span class='ocrx_word' id='word_1_52' title='bbox 655 906 696 972; x_wconf 87' lang='lat' dir='ltr'><strong>ad</strong></span> <span class='ocrx_word' id='word_1_53' title='bbox 718 905 854 973; x_wconf 86' lang='lat' dir='ltr'><strong>Diodor.</strong></span> <span class='ocrx_word' id='word_1_54' title='bbox 879 904 943 970; x_wconf 88' lang='lat' dir='ltr'><strong>Sic.</strong></span> <span class='ocrx_word' id='word_1_55' title='bbox 963 905 1003 969; x_wconf 88' lang='lat' dir='ltr'><strong>T.</strong></span> <span class='ocrx_word' id='word_1_56' title='bbox 1023 905 1050 968; x_wconf 88' lang='grc' dir='ltr'><strong>Ι.</strong></span> <span class='ocrx_word' id='word_1_57' title='bbox 1067 925 1099 991; x_wconf 87' lang='lat' dir='ltr'><strong>p.</strong></span> <span class='ocrx_word' id='word_1_58' title='bbox 1117 906 1194 993; x_wconf 85' lang='lat'><strong>695.</strong></span> 
     </span>
    </p>

    <p class='ocr_par' dir='ltr' id='par_1_5' title="bbox 153 1007 664 1096">
     <span class='ocr_line' id='line_1_7' title="bbox 153 1007 664 1096; baseline 0 -24"><span class='ocrx_word' id='word_1_59' title='bbox 153 1009 198 1073; x_wconf 87' lang='lat' dir='ltr'><strong>Et</strong></span> <span class='ocrx_word' id='word_1_60' title='bbox 213 1007 304 1073; x_wconf 84' lang='lat' dir='ltr'>Harl.</span> <span class='ocrx_word' id='word_1_61' title='bbox 318 1008 417 1073; x_wconf 88' lang='lat' dir='ltr'><strong>habet</strong></span> <span class='ocrx_word' id='word_1_62' title='bbox 431 1013 457 1073; x_wconf 80' lang='lat' dir='ltr'><strong>lv</strong></span> <span class='ocrx_word' id='word_1_63' title='bbox 471 1007 604 1096; x_wconf 76' lang='grc' dir='ltr'><strong>Παλλίρι.</strong></span> <span class='ocrx_word' id='word_1_64' title='bbox 661 1021 664 1027; x_wconf 85' lang='grc'><strong>“</strong></span> 
     </span>
    </p>

    <p class='ocr_par' dir='ltr' id='par_1_6' title="bbox 161 1108 807 1198">
     <span class='ocr_line' id='line_1_8' title="bbox 161 1108 807 1198; baseline 0.002 -24"><span class='ocrx_word' id='word_1_65' title='bbox 161 1113 164 1119; x_wconf 64' lang='grc'><em>“</em></span> <span class='ocrx_word' id='word_1_66' title='bbox 197 1113 306 1175; x_wconf 82' lang='grc' dir='ltr'><strong><em>Νοῡσοι</em></strong></span> <span class='ocrx_word' id='word_1_67' title='bbox 317 1112 372 1174; x_wconf 73' lang='lat' dir='ltr'><strong>aiud</strong></span> <span class='ocrx_word' id='word_1_68' title='bbox 385 1112 562 1198; x_wconf 79' lang='grc' dir='ltr'><strong><em>στρατόυ-]</em></strong></span> <span class='ocrx_word' id='word_1_69' title='bbox 588 1108 682 1176; x_wconf 82' lang='lat' dir='ltr'><strong>Iliad.</strong></span> <span class='ocrx_word' id='word_1_70' title='bbox 697 1114 737 1175; x_wconf 81' lang='lat' dir='ltr'><strong>A.</strong></span> <span class='ocrx_word' id='word_1_71' title='bbox 754 1130 807 1175; x_wconf 82' lang='lat'><strong>10.</strong></span> 
     </span>
    </p>

    <p class='ocr_par' dir='ltr' id='par_1_7' title="bbox 156 1210 1198 2019">
     <span class='ocr_line' id='line_1_9' title="bbox 198 1210 1196 1301; baseline -0.005 -22"><span class='ocrx_word' id='word_1_72' title='bbox 198 1235 233 1301; x_wconf 91' lang='lat' dir='ltr'><strong>p.</strong></span> <span class='ocrx_word' id='word_1_73' title='bbox 247 1229 324 1300; x_wconf 83' lang='lat'><strong>325.</strong></span> <span class='ocrx_word' id='word_1_74' title='bbox 339 1215 377 1279; x_wconf 90' lang='grc' dir='ltr'><strong>Β.</strong></span> <span class='ocrx_word' id='word_1_75' title='bbox 400 1212 451 1276; x_wconf 73' lang='lat' dir='ltr'><strong>uu</strong></span> <span class='ocrx_word' id='word_1_76' title='bbox 471 1211 537 1301; x_wconf 74' lang='grc' dir='ltr'>ἴχνη</span> <span class='ocrx_word' id='word_1_77' title='bbox 554 1216 641 1278; x_wconf 74' lang='grc' dir='ltr'><strong><em>ποδῶν</em></strong></span> <span class='ocrx_word' id='word_1_78' title='bbox 654 1211 819 1300; x_wconf 74' lang='grc' dir='ltr'><strong><em>ἀκροίιυχα]</em></strong></span> <span class='ocrx_word' id='word_1_79' title='bbox 846 1214 923 1277; x_wconf 85' lang='grc' dir='ltr'><strong><em>Ηιισ</em></strong></span> <span class='ocrx_word' id='word_1_80' title='bbox 942 1210 1082 1298; x_wconf 85' lang='lat' dir='ltr'><strong>pertinet</strong></span> <span class='ocrx_word' id='word_1_81' title='bbox 1096 1212 1196 1296; x_wconf 80' lang='lat' dir='ltr'><strong>Frag-</strong></span> 
     </span>
     <span class='ocr_line' id='line_1_10' title="bbox 156 1309 1196 1403; baseline -0.004 -25"><span class='ocrx_word' id='word_1_82' title='bbox 156 1328 304 1380; x_wconf 87' lang='lat' dir='ltr'><strong>mentum</strong></span> <span class='ocrx_word' id='word_1_83' title='bbox 325 1315 444 1380; x_wconf 84' lang='lat' dir='ltr'><strong>AEliani</strong></span> <span class='ocrx_word' id='word_1_84' title='bbox 464 1315 551 1403; x_wconf 90' lang='lat' dir='ltr'><strong>apud</strong></span> <span class='ocrx_word' id='word_1_85' title='bbox 566 1314 699 1381; x_wconf 88' lang='lat' dir='ltr'><strong>Suidam</strong></span> <span class='ocrx_word' id='word_1_86' title='bbox 715 1317 799 1380; x_wconf 94' lang='lat' dir='ltr'><strong>Voc.</strong></span> <span class='ocrx_word' id='word_1_87' title='bbox 823 1313 976 1400; x_wconf 78' lang='grc' dir='ltr'><strong><em>Τριμμυιίς·</em></strong></span> <span class='ocrx_word' id='word_1_88' title='bbox 1000 1309 1196 1391; x_wconf 75' lang='grc' dir='ltr'><strong><em>Καίὰιοιβλί-</em></strong></span> 
     </span>
     <span class='ocr_line' id='line_1_11' title="bbox 156 1412 1198 1506; baseline -0.004 -26"><span class='ocrx_word' id='word_1_89' title='bbox 156 1441 250 1493; x_wconf 79' lang='grc' dir='ltr'><strong><em>σοντες</em></strong></span> <span class='ocrx_word' id='word_1_90' title='bbox 268 1423 351 1506; x_wconf 76' lang='grc' dir='ltr'><strong><em>ὁρῶσι</em></strong></span> <span class='ocrx_word' id='word_1_91' title='bbox 372 1419 505 1503; x_wconf 69' lang='grc' dir='ltr'><strong><em>τριμμοὺς</em></strong></span> <span class='ocrx_word' id='word_1_92' title='bbox 526 1423 574 1494; x_wconf 79' lang='grc' dir='ltr'><strong>τῆς</strong></span> <span class='ocrx_word' id='word_1_93' title='bbox 595 1418 689 1481; x_wconf 71' lang='lat' dir='ltr'><strong>dadino</strong></span> <span class='ocrx_word' id='word_1_94' title='bbox 710 1419 758 1482; x_wconf 79' lang='lat' dir='ltr'><strong>uui</strong></span> <span class='ocrx_word' id='word_1_95' title='bbox 779 1417 960 1506; x_wconf 69' lang='grc' dir='ltr'><strong>προσβάσεις·</strong></span> <span class='ocrx_word' id='word_1_96' title='bbox 985 1417 1017 1480; x_wconf 76' lang='grc' dir='ltr'><strong>δι’</strong></span> <span class='ocrx_word' id='word_1_97' title='bbox 1033 1412 1068 1481; x_wconf 80' lang='grc' dir='ltr'><strong>ὦν</strong></span> <span class='ocrx_word' id='word_1_98' title='bbox 1086 1414 1198 1491; x_wconf 60' lang='lat' dir='ltr'><strong>amatu</strong></span> 
     </span>
     <span class='ocr_line' id='line_1_12' title="bbox 156 1516 1196 1607; baseline -0.003 -24"><span class='ocrx_word' id='word_1_99' title='bbox 156 1522 337 1601; x_wconf 79' lang='grc' dir='ltr'><strong><em>ὄῬουμοιῖος,</em></strong></span> <span class='ocrx_word' id='word_1_100' title='bbox 361 1520 409 1583; x_wconf 71' lang='grc' dir='ltr'><strong>καί</strong></span> <span class='ocrx_word' id='word_1_101' title='bbox 434 1518 607 1599; x_wconf 82' lang='grc' dir='ltr'><strong><em>συιίβιιλλου</em></strong></span> <span class='ocrx_word' id='word_1_102' title='bbox 632 1523 671 1602; x_wconf 71' lang='grc' dir='ltr'><strong>μὴ</strong></span> <span class='ocrx_word' id='word_1_103' title='bbox 698 1519 797 1607; x_wconf 70' lang='grc' dir='ltr'><strong><em>ιἰτοροι</em></strong></span> <span class='ocrx_word' id='word_1_104' title='bbox 826 1518 904 1597; x_wconf 82' lang='grc' dir='ltr'><strong><em>ιίιοιι,</em></strong></span> <span class='ocrx_word' id='word_1_105' title='bbox 928 1522 995 1584; x_wconf 75' lang='grc' dir='ltr'><strong>ἄλλ’</strong></span> <span class='ocrx_word' id='word_1_106' title='bbox 1024 1516 1196 1597; x_wconf 53' lang='lat' dir='ltr'><strong>timidam.</strong></span> 
     </span>
     <span class='ocr_line' id='line_1_13' title="bbox 156 1619 1195 1710; baseline -0.004 -21"><span class='ocrx_word' id='word_1_107' title='bbox 156 1623 297 1710; x_wconf 81' lang='lat' dir='ltr'><strong>vestigia</strong></span> <span class='ocrx_word' id='word_1_108' title='bbox 315 1621 396 1687; x_wconf 88' lang='lat' dir='ltr'><strong>levia</strong></span> <span class='ocrx_word' id='word_1_109' title='bbox 413 1635 447 1686; x_wconf 92' lang='lat' dir='ltr'><strong>et</strong></span> <span class='ocrx_word' id='word_1_110' title='bbox 465 1622 597 1686; x_wconf 86' lang='lat' dir='ltr'><strong>summis</strong></span> <span class='ocrx_word' id='word_1_111' title='bbox 613 1621 697 1709; x_wconf 88' lang='lat' dir='ltr'><strong>quali</strong></span> <span class='ocrx_word' id='word_1_112' title='bbox 714 1620 878 1710; x_wconf 80' lang='lat' dir='ltr'><strong>unguibus</strong></span> <span class='ocrx_word' id='word_1_113' title='bbox 892 1619 1049 1708; x_wconf 86' lang='lat' dir='ltr'><strong>impreffa,</strong></span> <span class='ocrx_word' id='word_1_114' title='bbox 1063 1619 1195 1708; x_wconf 85' lang='lat' dir='ltr'><strong>elegan-</strong></span> 
     </span>
     <span class='ocr_line' id='line_1_14' title="bbox 157 1720 1198 1811; baseline -0.004 -22"><span class='ocrx_word' id='word_1_115' title='bbox 157 1736 206 1789; x_wconf 90' lang='lat' dir='ltr'><strong>ter</strong></span> <span class='ocrx_word' id='word_1_116' title='bbox 221 1723 376 1790; x_wconf 88' lang='lat' dir='ltr'><strong>dicuntur</strong></span> <span class='ocrx_word' id='word_1_117' title='bbox 396 1723 561 1811; x_wconf 75' lang='grc' dir='ltr'><strong><em>ἂιρῶιυχοι,</em></strong></span> <span class='ocrx_word' id='word_1_118' title='bbox 577 1723 617 1787; x_wconf 87' lang='lat' dir='ltr'><strong>fic</strong></span> <span class='ocrx_word' id='word_1_119' title='bbox 632 1722 803 1810; x_wconf 77' lang='lat' dir='ltr'><strong>aliquoties</strong></span> <span class='ocrx_word' id='word_1_120' title='bbox 819 1720 1030 1787; x_wconf 75' lang='lat' dir='ltr'><strong>Plutarchus:</strong></span> <span class='ocrx_word' id='word_1_121' title='bbox 1055 1743 1084 1800; x_wconf 78' lang='grc' dir='ltr'><strong>υ.</strong></span> <span class='ocrx_word' id='word_1_122' title='bbox 1099 1742 1130 1786; x_wconf 89' lang='lat' dir='ltr'><strong>c.</strong></span> <span class='ocrx_word' id='word_1_123' title='bbox 1146 1721 1198 1785; x_wconf 90' lang='lat' dir='ltr'><strong>su·</strong></span> 
     </span>
     <span class='ocr_line' id='line_1_15' title="bbox 157 1822 1198 1914; baseline -0.006 -23"><span class='ocrx_word' id='word_1_124' title='bbox 157 1848 216 1913; x_wconf 90' lang='lat' dir='ltr'><strong>pra</strong></span> <span class='ocrx_word' id='word_1_125' title='bbox 230 1849 263 1914; x_wconf 87' lang='lat' dir='ltr'><strong>p.</strong></span> <span class='ocrx_word' id='word_1_126' title='bbox 277 1844 355 1912; x_wconf 80' lang='lat'><strong>317.</strong></span> <span class='ocrx_word' id='word_1_127' title='bbox 370 1829 410 1892; x_wconf 88' lang='lat' dir='ltr'><strong>E.</strong></span> <span class='ocrx_word' id='word_1_128' title='bbox 431 1845 508 1912; x_wconf 84' lang='lat'><strong>320.</strong></span> <span class='ocrx_word' id='word_1_129' title='bbox 523 1829 567 1892; x_wconf 91' lang='lat' dir='ltr'><strong>D.</strong></span> <span class='ocrx_word' id='word_1_130' title='bbox 605 1827 764 1905; x_wconf 86' lang='lat' dir='ltr'><strong>Eumene,</strong></span> <span class='ocrx_word' id='word_1_131' title='bbox 779 1842 857 1912; x_wconf 85' lang='lat'><strong>590.</strong></span> <span class='ocrx_word' id='word_1_132' title='bbox 871 1825 910 1889; x_wconf 88' lang='grc' dir='ltr'><strong>Β.</strong></span> <span class='ocrx_word' id='word_1_133' title='bbox 955 1826 1078 1889; x_wconf 81' lang='lat' dir='ltr'><strong>Seneca</strong></span> <span class='ocrx_word' id='word_1_134' title='bbox 1098 1822 1198 1909; x_wconf 84' lang='lat' dir='ltr'><strong>Epist.</strong></span> 
     </span>
     <span class='ocr_line' id='line_1_16' title="bbox 158 1926 733 2019; baseline -0.003 -25"><span class='ocrx_word' id='word_1_135' title='bbox 158 1931 246 1996; x_wconf 90' lang='lat' dir='ltr'><strong>LVI.</strong></span> <span class='ocrx_word' id='word_1_136' title='bbox 251 1929 424 2018; x_wconf 72' lang='lat' dir='ltr'><strong>suspeuficm</strong></span> <span class='ocrx_word' id='word_1_137' title='bbox 436 1926 590 2016; x_wconf 81' lang='lat' dir='ltr'><strong>vestigium</strong></span> <span class='ocrx_word' id='word_1_138' title='bbox 602 1929 733 2019; x_wconf 68' lang='lat' dir='ltr'><strong>punitum</strong></span> 
     </span>
    </p>

    <p class='ocr_par' dir='ltr' id='par_1_8' title="bbox 158 2027 1320 2532">
     <span class='ocr_line' id='line_1_17' title="bbox 200 2027 1320 2118; baseline -0.008 -21"><span class='ocrx_word' id='word_1_139' title='bbox 200 2049 276 2118; x_wconf 83' lang='lat'><strong>325.</strong></span> <span class='ocrx_word' id='word_1_140' title='bbox 291 2032 336 2095; x_wconf 93' lang='lat' dir='ltr'><strong>D.</strong></span> <span class='ocrx_word' id='word_1_141' title='bbox 360 2030 503 2113; x_wconf 77' lang='grc' dir='ltr'><strong><em>Πυμτιιίιι</em></strong></span> <span class='ocrx_word' id='word_1_142' title='bbox 525 2032 553 2094; x_wconf 71' lang='grc' dir='ltr'><strong>δὲ</strong></span> <span class='ocrx_word' id='word_1_143' title='bbox 574 2029 663 2118; x_wconf 77' lang='grc' dir='ltr'><strong><em>μίχρι</em></strong></span> <span class='ocrx_word' id='word_1_144' title='bbox 685 2030 785 2115; x_wconf 80' lang='grc' dir='ltr'><strong><em>νῦυ-]</em></strong></span> <span class='ocrx_word' id='word_1_145' title='bbox 811 2027 932 2093; x_wconf 79' lang='lat' dir='ltr'><strong>Plinius</strong></span> <span class='ocrx_word' id='word_1_146' title='bbox 947 2029 993 2092; x_wconf 88' lang='lat' dir='ltr'><strong>H.</strong></span> <span class='ocrx_word' id='word_1_147' title='bbox 1008 2029 1055 2092; x_wconf 94' lang='lat' dir='ltr'><strong>N.</strong></span> <span class='ocrx_word' id='word_1_148' title='bbox 1071 2027 1199 2092; x_wconf 84' lang='lat' dir='ltr'><strong>XXIX.</strong></span> <span class='ocrx_word' id='word_1_149' title='bbox 1316 2083 1320 2098; x_wconf 87' lang='grc'><strong>,</strong></span> 
     </span>
     <span class='ocr_line' id='line_1_18' title="bbox 162 2128 1202 2221; baseline -0.004 -26"><span class='ocrx_word' id='word_1_150' title='bbox 162 2151 222 2214; x_wconf 86' lang='lat'><strong>14:</strong></span> <span class='ocrx_word' id='word_1_151' title='bbox 241 2133 290 2195; x_wconf 82' lang='lat' dir='ltr'><strong>De</strong></span> <span class='ocrx_word' id='word_1_152' title='bbox 302 2131 437 2221; x_wconf 61' lang='lat' dir='ltr'><strong>efferum</strong></span> <span class='ocrx_word' id='word_1_153' title='bbox 452 2133 558 2197; x_wconf 79' lang='lat' dir='ltr'><strong>bonore</strong></span> <span class='ocrx_word' id='word_1_154' title='bbox 571 2155 791 2220; x_wconf 78' lang='lat' dir='ltr'><strong>quaemmeruere</strong></span> <span class='ocrx_word' id='word_1_155' title='bbox 807 2129 965 2196; x_wconf 83' lang='lat' dir='ltr'><strong>Gallorum</strong></span> <span class='ocrx_word' id='word_1_156' title='bbox 979 2131 1010 2194; x_wconf 85' lang='lat' dir='ltr'><strong>in</strong></span> <span class='ocrx_word' id='word_1_157' title='bbox 1026 2128 1202 2215; x_wconf 69' lang='lat' dir='ltr'><strong>Capitolium</strong></span> 
     </span>
     <span class='ocr_line' id='line_1_19' title="bbox 158 2231 1308 2324; baseline -0.003 -26"><span class='ocrx_word' id='word_1_158' title='bbox 158 2233 297 2322; x_wconf 79' lang='lat' dir='ltr'><strong>adscensu</strong></span> <span class='ocrx_word' id='word_1_159' title='bbox 310 2234 494 2324; x_wconf 66' lang='lat' dir='ltr'><strong>deprehenso,</strong></span> <span class='ocrx_word' id='word_1_160' title='bbox 509 2233 650 2300; x_wconf 65' lang='lat' dir='ltr'><strong>divimus.</strong></span> <span class='ocrx_word' id='word_1_161' title='bbox 692 2234 811 2299; x_wconf 76' lang='lat' dir='ltr'><strong>Eadem</strong></span> <span class='ocrx_word' id='word_1_162' title='bbox 826 2235 863 2299; x_wconf 82' lang='lat' dir='ltr'><strong>de</strong></span> <span class='ocrx_word' id='word_1_163' title='bbox 877 2231 1129 2322; x_wconf 70' lang='lat' dir='ltr'><strong>caaecffafhppliua</strong></span> <span class='ocrx_word' id='word_1_164' title='bbox 1143 2255 1200 2295; x_wconf 85' lang='lat' dir='ltr'><strong>un·</strong></span> <span class='ocrx_word' id='word_1_165' title='bbox 1305 2308 1308 2315; x_wconf 92' lang='lat'><strong>.</strong></span> 
     </span>
     <span class='ocr_line' id='line_1_20' title="bbox 158 2332 1202 2425; baseline -0.004 -24"><span class='ocrx_word' id='word_1_166' title='bbox 158 2361 222 2401; x_wconf 81' lang='lat' dir='ltr'><strong>nuc</strong></span> <span class='ocrx_word' id='word_1_167' title='bbox 243 2361 328 2402; x_wconf 82' lang='lat' dir='ltr'><strong>eones</strong></span> <span class='ocrx_word' id='word_1_168' title='bbox 346 2338 481 2425; x_wconf 76' lang='lat' dir='ltr'><strong>pendant</strong></span> <span class='ocrx_word' id='word_1_169' title='bbox 501 2337 579 2402; x_wconf 78' lang='lat' dir='ltr'><strong>inter</strong></span> <span class='ocrx_word' id='word_1_170' title='bbox 599 2339 694 2402; x_wconf 78' lang='lat' dir='ltr'><strong>adem</strong></span> <span class='ocrx_word' id='word_1_171' title='bbox 711 2336 885 2402; x_wconf 71' lang='lat' dir='ltr'><strong>Juvenum</strong></span> <span class='ocrx_word' id='word_1_172' title='bbox 903 2347 931 2400; x_wconf 82' lang='lat' dir='ltr'><strong>et</strong></span> <span class='ocrx_word' id='word_1_173' title='bbox 950 2332 1118 2414; x_wconf 85' lang='lat' dir='ltr'><strong>Summani,</strong></span> <span class='ocrx_word' id='word_1_174' title='bbox 1133 2334 1202 2398; x_wconf 80' lang='lat' dir='ltr'><strong>vivi</strong></span> 
     </span>
     <span class='ocr_line' id='line_1_21' title="bbox 159 2429 1200 2532; baseline -0.001 -28"><span class='ocrx_word' id='word_1_175' title='bbox 159 2439 191 2505; x_wconf 83' lang='lat' dir='ltr'><strong>in</strong></span> <span class='ocrx_word' id='word_1_176' title='bbox 194 2439 292 2527; x_wconf 85' lang='lat' dir='ltr'><strong>furca</strong></span> <span class='ocrx_word' id='word_1_177' title='bbox 294 2441 457 2530; x_wconf 73' lang='lat' dir='ltr'><strong>firmium</strong></span> <span class='ocrx_word' id='word_1_178' title='bbox 472 2439 660 2532; x_wconf 67' lang='lat' dir='ltr'><strong>arborefiaei.</strong></span> <span class='ocrx_word' id='word_1_179' title='bbox 704 2441 855 2506; x_wconf 78' lang='lat' dir='ltr'><strong>AElianus</strong></span> <span class='ocrx_word' id='word_1_180' title='bbox 868 2441 947 2506; x_wconf 87' lang='lat' dir='ltr'><strong>Nat.</strong></span> <span class='ocrx_word' id='word_1_181' title='bbox 963 2437 1104 2504; x_wconf 87' lang='lat' dir='ltr'><strong>Animal.</strong></span> <span class='ocrx_word' id='word_1_182' title='bbox 1121 2429 1200 2503; x_wconf 83' lang='lat' dir='ltr'><strong>XII.</strong></span> 
     </span>
    </p>

    <p class='ocr_par' dir='ltr' id='par_1_9' title="bbox 158 2540 1202 2632">
     <span class='ocr_line' id='line_1_22' title="bbox 158 2540 1202 2632; baseline -0.005 -24"><span class='ocrx_word' id='word_1_183' title='bbox 158 2562 222 2629; x_wconf 84' lang='lat'><strong>33:</strong></span> <span class='ocrx_word' id='word_1_184' title='bbox 256 2544 356 2610; x_wconf 82' lang='lat' dir='ltr'><strong>totius</strong></span> <span class='ocrx_word' id='word_1_185' title='bbox 381 2541 564 2632; x_wconf 82' lang='lat' dir='ltr'><strong>argumenti</strong></span> <span class='ocrx_word' id='word_1_186' title='bbox 589 2542 802 2609; x_wconf 84' lang='lat' dir='ltr'><strong>narrationem</strong></span> <span class='ocrx_word' id='word_1_187' title='bbox 825 2542 872 2608; x_wconf 88' lang='lat' dir='ltr'><strong>ita</strong></span> <span class='ocrx_word' id='word_1_188' title='bbox 893 2540 1078 2608; x_wconf 90' lang='lat' dir='ltr'><strong>concludit:</strong></span> <span class='ocrx_word' id='word_1_189' title='bbox 1100 2540 1202 2604; x_wconf 71' lang='grc' dir='ltr'><strong><em>Ταῦτά</em></strong></span> 
     </span>
    </p>

    <p class='ocr_par' dir='ltr' id='par_1_10' title="bbox 158 2642 1296 2936">
     <span class='ocr_line' id='line_1_23' title="bbox 158 2642 1202 2732; baseline -0.003 -24"><span class='ocrx_word' id='word_1_190' title='bbox 158 2669 201 2708; x_wconf 87' lang='grc' dir='ltr'><strong>τοι</strong></span> <span class='ocrx_word' id='word_1_191' title='bbox 219 2643 322 2710; x_wconf 81' lang='grc' dir='ltr'><strong><em>τίνουσι</em></strong></span> <span class='ocrx_word' id='word_1_192' title='bbox 344 2646 418 2725; x_wconf 77' lang='grc' dir='ltr'><strong><em>δίκην</em></strong></span> <span class='ocrx_word' id='word_1_193' title='bbox 436 2645 510 2720; x_wconf 81' lang='grc' dir='ltr'><strong><em>κόνις</em></strong></span> <span class='ocrx_word' id='word_1_194' title='bbox 530 2649 609 2732; x_wconf 74' lang='grc' dir='ltr'><strong><em>τυροὶ</em></strong></span> <span class='ocrx_word' id='word_1_195' title='bbox 624 2644 781 2728; x_wconf 74' lang='grc' dir='ltr'><strong><em>Ῥωμαίοις,</em></strong></span> <span class='ocrx_word' id='word_1_196' title='bbox 801 2644 849 2708; x_wconf 72' lang='grc' dir='ltr'><strong>καὶ</strong></span> <span class='ocrx_word' id='word_1_197' title='bbox 863 2649 907 2707; x_wconf 79' lang='grc' dir='ltr'><strong>οὖν</strong></span> <span class='ocrx_word' id='word_1_198' title='bbox 925 2648 979 2707; x_wconf 70' lang='lat' dir='ltr'><strong>uvel</strong></span> <span class='ocrx_word' id='word_1_199' title='bbox 993 2648 1048 2707; x_wconf 74' lang='lat' dir='ltr'><strong>miv</strong></span> <span class='ocrx_word' id='word_1_200' title='bbox 1062 2642 1120 2717; x_wconf 74' lang='grc' dir='ltr'><strong><em>ἶσος</em></strong></span> <span class='ocrx_word' id='word_1_201' title='bbox 1132 2668 1202 2729; x_wconf 80' lang='grc' dir='ltr'><strong><em>τρο-</em></strong></span> 
     </span>
     <span class='ocr_line' id='line_1_24' title="bbox 160 2743 1296 2832; baseline -0.002 -25"><span class='ocrx_word' id='word_1_202' title='bbox 160 2745 253 2822; x_wconf 80' lang='grc' dir='ltr'><strong><em>δυσίοις</em></strong></span> <span class='ocrx_word' id='word_1_203' title='bbox 274 2746 400 2832; x_wconf 75' lang='grc' dir='ltr'><strong><em>ἀρχαίας</em></strong></span> <span class='ocrx_word' id='word_1_204' title='bbox 421 2748 523 2832; x_wconf 71' lang='grc' dir='ltr'><strong><em>μνήμῃ·</em></strong></span> <span class='ocrx_word' id='word_1_205' title='bbox 547 2752 667 2829; x_wconf 59' lang='lat' dir='ltr'><strong>ruputas</strong></span> <span class='ocrx_word' id='word_1_206' title='bbox 686 2747 713 2809; x_wconf 72' lang='grc' dir='ltr'><strong>δὲ</strong></span> <span class='ocrx_word' id='word_1_207' title='bbox 731 2749 787 2832; x_wconf 82' lang='grc' dir='ltr'><strong>χὴι</strong></span> <span class='ocrx_word' id='word_1_208' title='bbox 800 2749 868 2821; x_wconf 75' lang='grc' dir='ltr'><strong><em>,ταῖς</em></strong></span> <span class='ocrx_word' id='word_1_209' title='bbox 880 2743 1064 2830; x_wconf 83' lang='grc' dir='ltr'><strong><em>τιτοιγμίιοιις</em></strong></span> <span class='ocrx_word' id='word_1_210' title='bbox 1078 2743 1202 2832; x_wconf 72' lang='grc' dir='ltr'><strong>ἡμέραις,</strong></span> <span class='ocrx_word' id='word_1_211' title='bbox 1291 2757 1296 2762; x_wconf 80' lang='grc'><em>“</em></span> 
     </span>
     <span class='ocr_line' id='line_1_25' title="bbox 162 2848 1269 2936; baseline 0.001 -24"><span class='ocrx_word' id='word_1_212' title='bbox 162 2850 210 2912; x_wconf 77' lang='lat' dir='ltr'><strong>xul</strong></span> <span class='ocrx_word' id='word_1_213' title='bbox 224 2853 251 2912; x_wconf 80' lang='lat' dir='ltr'><strong>iv</strong></span> <span class='ocrx_word' id='word_1_214' title='bbox 264 2848 363 2936; x_wconf 67' lang='grc' dir='ltr'><strong><em>φορείῳ</em></strong></span> <span class='ocrx_word' id='word_1_215' title='bbox 376 2850 496 2934; x_wconf 83' lang='grc' dir='ltr'><strong><em>τρίιισιι</em></strong></span> <span class='ocrx_word' id='word_1_216' title='bbox 510 2833 639 2931; x_wconf 66' lang='lat' dir='ltr'><strong>siurim</strong></span> <span class='ocrx_word' id='word_1_217' title='bbox 651 2857 807 2931; x_wconf 76' lang='grc' dir='ltr'><strong><em>τομτιιιῶς.</em></strong></span> <span class='ocrx_word' id='word_1_218' title='bbox 1268 2870 1269 2873; x_wconf 74' lang='grc'>’</span> 
     </span>
    </p>

    <p class='ocr_par' dir='ltr' id='par_1_11' title="bbox 160 2948 1346 3547">
     <span class='ocr_line' id='line_1_26' title="bbox 204 2948 1346 3037; baseline -0.004 -21"><span class='ocrx_word' id='word_1_219' title='bbox 204 2969 282 3036; x_wconf 80' lang='grc'><strong>325.</strong></span> <span class='ocrx_word' id='word_1_220' title='bbox 299 2952 335 3015; x_wconf 89' lang='lat' dir='ltr'><strong>F.</strong></span> <span class='ocrx_word' id='word_1_221' title='bbox 359 2948 490 3026; x_wconf 78' lang='grc' dir='ltr'><strong><em>Μαλίους</em></strong></span> <span class='ocrx_word' id='word_1_222' title='bbox 509 2951 557 3013; x_wconf 78' lang='lat' dir='ltr'><strong>uui</strong></span> <span class='ocrx_word' id='word_1_223' title='bbox 573 2949 743 3037; x_wconf 65' lang='grc' dir='ltr'><strong><em>Σερουίους]</em></strong></span> <span class='ocrx_word' id='word_1_224' title='bbox 768 2950 934 3015; x_wconf 84' lang='lat' dir='ltr'><strong>Debuerat</strong></span> <span class='ocrx_word' id='word_1_225' title='bbox 949 2948 1042 3015; x_wconf 81' lang='lat' dir='ltr'><strong>scribi</strong></span> <span class='ocrx_word' id='word_1_226' title='bbox 1055 2948 1104 3013; x_wconf 86' lang='lat' dir='ltr'><strong>vel</strong></span> <span class='ocrx_word' id='word_1_227' title='bbox 1117 2953 1203 3013; x_wconf 75' lang='lat' dir='ltr'><strong>Maa-</strong></span> <span class='ocrx_word' id='word_1_228' title='bbox 1341 2952 1346 2957; x_wconf 71' lang='grc'><strong>’</strong></span> 
     </span>
     <span class='ocr_line' id='line_1_27' title="bbox 160 3038 1205 3140; baseline 0 -25"><span class='ocrx_word' id='word_1_229' title='bbox 160 3050 236 3127; x_wconf 84' lang='grc' dir='ltr'><strong><em>λίους</em></strong></span> <span class='ocrx_word' id='word_1_230' title='bbox 256 3072 331 3116; x_wconf 88' lang='lat' dir='ltr'><strong>cum</strong></span> <span class='ocrx_word' id='word_1_231' title='bbox 354 3050 431 3140; x_wconf 90' lang='lat' dir='ltr'><strong>Xyl.</strong></span> <span class='ocrx_word' id='word_1_232' title='bbox 451 3052 500 3116; x_wconf 83' lang='lat' dir='ltr'><strong>vel</strong></span> <span class='ocrx_word' id='word_1_233' title='bbox 515 3051 667 3127; x_wconf 75' lang='grc' dir='ltr'><strong><em>Μαλλίους</em></strong></span> <span class='ocrx_word' id='word_1_234' title='bbox 682 3074 757 3117; x_wconf 92' lang='lat' dir='ltr'><strong>cum</strong></span> <span class='ocrx_word' id='word_1_235' title='bbox 773 3052 812 3131; x_wconf 89' lang='lat' dir='ltr'><strong>B,</strong></span> <span class='ocrx_word' id='word_1_236' title='bbox 830 3038 869 3115; x_wconf 79' lang='lat' dir='ltr'><strong>E.</strong></span> <span class='ocrx_word' id='word_1_237' title='bbox 908 3050 1052 3116; x_wconf 85' lang='lat' dir='ltr'><strong>Alterius</strong></span> <span class='ocrx_word' id='word_1_238' title='bbox 1066 3050 1139 3116; x_wconf 95' lang='lat' dir='ltr'><strong>loco</strong></span> <span class='ocrx_word' id='word_1_239' title='bbox 1154 3071 1205 3116; x_wconf 89' lang='lat' dir='ltr'><strong>re·</strong></span> 
     </span>
     <span class='ocr_line' id='line_1_28' title="bbox 161 3151 1207 3242; baseline 0.001 -24"><span class='ocrx_word' id='word_1_240' title='bbox 161 3152 286 3240; x_wconf 77' lang='lat' dir='ltr'><strong>quinam</strong></span> <span class='ocrx_word' id='word_1_241' title='bbox 312 3153 500 3242; x_wconf 75' lang='grc' dir='ltr'><strong><em>Σιρουιλίους,</em></strong></span> <span class='ocrx_word' id='word_1_242' title='bbox 524 3167 561 3219; x_wconf 94' lang='lat' dir='ltr'><strong>ut</strong></span> <span class='ocrx_word' id='word_1_243' title='bbox 587 3151 766 3234; x_wconf 85' lang='lat' dir='ltr'><strong>Cruscrius,</strong></span> <span class='ocrx_word' id='word_1_244' title='bbox 790 3151 944 3234; x_wconf 79' lang='lat' dir='ltr'><strong>Servilios,</strong></span> <span class='ocrx_word' id='word_1_245' title='bbox 967 3175 1067 3240; x_wconf 93' lang='lat' dir='ltr'><strong>quum</strong></span> <span class='ocrx_word' id='word_1_246' title='bbox 1090 3167 1207 3219; x_wconf 75' lang='lat' dir='ltr'><strong>cetera</strong></span> 
     </span>
     <span class='ocr_line' id='line_1_29' title="bbox 162 3255 1205 3344; baseline 0.002 -24"><span class='ocrx_word' id='word_1_247' title='bbox 162 3255 221 3321; x_wconf 88' lang='lat' dir='ltr'><strong>fint</strong></span> <span class='ocrx_word' id='word_1_248' title='bbox 245 3256 378 3321; x_wconf 90' lang='lat' dir='ltr'><strong>nomina</strong></span> <span class='ocrx_word' id='word_1_249' title='bbox 398 3255 560 3344; x_wconf 80' lang='lat' dir='ltr'><strong>gentium,</strong></span> <span class='ocrx_word' id='word_1_250' title='bbox 584 3278 649 3322; x_wconf 89' lang='lat' dir='ltr'><strong>non</strong></span> <span class='ocrx_word' id='word_1_251' title='bbox 678 3255 875 3343; x_wconf 79' lang='lat' dir='ltr'><strong>praenomina</strong></span> <span class='ocrx_word' id='word_1_252' title='bbox 896 3256 1098 3344; x_wconf 84' lang='lat' dir='ltr'><strong>fingularium</strong></span> <span class='ocrx_word' id='word_1_253' title='bbox 1122 3256 1205 3322; x_wconf 83' lang='lat' dir='ltr'><strong>viro·</strong></span> 
     </span>
     <span class='ocr_line' id='line_1_30' title="bbox 163 3356 1205 3446; baseline 0.001 -24"><span class='ocrx_word' id='word_1_254' title='bbox 163 3380 247 3422; x_wconf 87' lang='lat' dir='ltr'><strong>rum.</strong></span> <span class='ocrx_word' id='word_1_255' title='bbox 284 3358 443 3424; x_wconf 86' lang='lat' dir='ltr'><strong>Aldinum</strong></span> <span class='ocrx_word' id='word_1_256' title='bbox 458 3356 630 3444; x_wconf 75' lang='grc' dir='ltr'><strong><em>Σεριρουίους</em></strong></span> <span class='ocrx_word' id='word_1_257' title='bbox 646 3357 792 3424; x_wconf 88' lang='lat' dir='ltr'><strong>vitiosum</strong></span> <span class='ocrx_word' id='word_1_258' title='bbox 809 3357 972 3445; x_wconf 84' lang='lat' dir='ltr'><strong>vulgatam</strong></span> <span class='ocrx_word' id='word_1_259' title='bbox 991 3380 1122 3446; x_wconf 84' lang='lat' dir='ltr'><strong>quoque</strong></span> <span class='ocrx_word' id='word_1_260' title='bbox 1136 3358 1205 3423; x_wconf 86' lang='lat' dir='ltr'><strong>vitii</strong></span> 
     </span>
     <span class='ocr_line' id='line_1_31' title="bbox 164 3459 1301 3547; baseline -0.003 -21"><span class='ocrx_word' id='word_1_261' title='bbox 164 3459 340 3547; x_wconf 63' lang='lat' dir='ltr'><strong>suspectam</strong></span> <span class='ocrx_word' id='word_1_262' title='bbox 356 3460 474 3527; x_wconf 88' lang='lat' dir='ltr'><strong>reddit.</strong></span> <span class='ocrx_word' id='word_1_263' title='bbox 512 3459 653 3525; x_wconf 84' lang='lat' dir='ltr'><strong>Budaeus</strong></span> <span class='ocrx_word' id='word_1_264' title='bbox 665 3460 780 3525; x_wconf 75' lang='lat' dir='ltr'><strong>omisit.</strong></span> <span class='ocrx_word' id='word_1_265' title='bbox 1298 3464 1301 3469; x_wconf 86' lang='lat'>&#39;</span> 
     </span>
    </p>

    <p class='ocr_par' dir='ltr' id='par_1_12' title="bbox 164 3562 1204 3754">
     <span class='ocr_line' id='line_1_32' title="bbox 206 3562 1204 3651; baseline -0.001 -22"><span class='ocrx_word' id='word_1_266' title='bbox 206 3579 282 3649; x_wconf 82' lang='lat'><strong>325.</strong></span> <span class='ocrx_word' id='word_1_267' title='bbox 302 3567 337 3629; x_wconf 85' lang='lat' dir='ltr'><strong>F.</strong></span> <span class='ocrx_word' id='word_1_268' title='bbox 358 3564 514 3649; x_wconf 77' lang='grc' dir='ltr'><strong><em>Πολύβιος]</em></strong></span> <span class='ocrx_word' id='word_1_269' title='bbox 543 3565 587 3628; x_wconf 92' lang='lat' dir='ltr'><strong>ll.</strong></span> <span class='ocrx_word' id='word_1_270' title='bbox 608 3563 646 3628; x_wconf 86' lang='lat'><strong>18</strong></span> <span class='ocrx_word' id='word_1_271' title='bbox 667 3577 701 3628; x_wconf 88' lang='lat' dir='ltr'><strong>et</strong></span> <span class='ocrx_word' id='word_1_272' title='bbox 721 3581 774 3631; x_wconf 81' lang='lat'><strong>22.</strong></span> <span class='ocrx_word' id='word_1_273' title='bbox 796 3562 853 3629; x_wconf 92' lang='lat' dir='ltr'><strong>ubi</strong></span> <span class='ocrx_word' id='word_1_274' title='bbox 873 3578 907 3629; x_wconf 89' lang='lat' dir='ltr'><strong>et</strong></span> <span class='ocrx_word' id='word_1_275' title='bbox 929 3563 1016 3628; x_wconf 91' lang='lat' dir='ltr'><strong>hunc</strong></span> <span class='ocrx_word' id='word_1_276' title='bbox 1040 3562 1204 3651; x_wconf 79' lang='lat' dir='ltr'><strong>Plutarchi</strong></span> 
     </span>
     <span class='ocr_line' id='line_1_33' title="bbox 164 3665 732 3754; baseline -0.002 -23"><span class='ocrx_word' id='word_1_277' title='bbox 164 3665 274 3732; x_wconf 90' lang='lat' dir='ltr'><strong>locum</strong></span> <span class='ocrx_word' id='word_1_278' title='bbox 289 3666 400 3732; x_wconf 89' lang='lat' dir='ltr'><strong>attulit</strong></span> <span class='ocrx_word' id='word_1_279' title='bbox 413 3665 732 3754; x_wconf 77' lang='lat' dir='ltr'><strong>schweighauserun.</strong></span> 
     </span>
    </p>

    <p class='ocr_par' dir='ltr' id='par_1_13' title="bbox 137 3760 1348 4372">
     <span class='ocr_line' id='line_1_34' title="bbox 137 3760 1207 3857; baseline -0.002 -22"><span class='ocrx_word' id='word_1_280' title='bbox 137 3840 140 3844; x_wconf 16' lang='lat' dir='ltr'><em>A</em></span> <span class='ocrx_word' id='word_1_281' title='bbox 209 3791 242 3855; x_wconf 85' lang='lat' dir='ltr'><strong>p.</strong></span> <span class='ocrx_word' id='word_1_282' title='bbox 257 3769 334 3854; x_wconf 84' lang='lat'><strong>326.</strong></span> <span class='ocrx_word' id='word_1_283' title='bbox 355 3760 399 3833; x_wconf 73' lang='grc' dir='ltr'><strong>Α.</strong></span> <span class='ocrx_word' id='word_1_284' title='bbox 421 3770 456 3843; x_wconf 78' lang='grc' dir='ltr'><strong>ὥς</strong></span> <span class='ocrx_word' id='word_1_285' title='bbox 478 3769 578 3850; x_wconf 82' lang='grc' dir='ltr'><strong><em>Λίβιος</em></strong></span> <span class='ocrx_word' id='word_1_286' title='bbox 601 3767 741 3857; x_wconf 56' lang='lat' dir='ltr'><strong>melenae]</strong></span> <span class='ocrx_word' id='word_1_287' title='bbox 765 3771 826 3835; x_wconf 90' lang='lat' dir='ltr'><strong>Vl.</strong></span> <span class='ocrx_word' id='word_1_288' title='bbox 845 3788 875 3833; x_wconf 90' lang='lat'><strong>1.</strong></span> <span class='ocrx_word' id='word_1_289' title='bbox 897 3769 1057 3854; x_wconf 76' lang='grc' dir='ltr'><strong>πράγματα</strong></span> <span class='ocrx_word' id='word_1_290' title='bbox 1079 3780 1207 3834; x_wconf 86' lang='lat' dir='ltr'><strong>vertunt</strong></span> 
     </span>
     <span class='ocr_line' id='line_1_35' title="bbox 165 3868 1208 3960; baseline -0.002 -23"><span class='ocrx_word' id='word_1_291' title='bbox 165 3871 244 3960; x_wconf 88' lang='lat' dir='ltr'><strong>Xyl.</strong></span> <span class='ocrx_word' id='word_1_292' title='bbox 268 3884 302 3936; x_wconf 91' lang='lat' dir='ltr'><strong>et</strong></span> <span class='ocrx_word' id='word_1_293' title='bbox 328 3870 494 3936; x_wconf 86' lang='lat' dir='ltr'><strong>Cruserius</strong></span> <span class='ocrx_word' id='word_1_294' title='bbox 519 3895 564 3935; x_wconf 83' lang='lat' dir='ltr'><strong>res</strong></span> <span class='ocrx_word' id='word_1_295' title='bbox 589 3870 734 3937; x_wconf 73' lang='lat' dir='ltr'><strong>Romam</strong></span> <span class='ocrx_word' id='word_1_296' title='bbox 759 3871 843 3957; x_wconf 82' lang='lat' dir='ltr'><strong>quati</strong></span> <span class='ocrx_word' id='word_1_297' title='bbox 868 3870 988 3935; x_wconf 89' lang='lat' dir='ltr'><strong>dicitur</strong></span> <span class='ocrx_word' id='word_1_298' title='bbox 1011 3868 1137 3935; x_wconf 87' lang='lat' dir='ltr'><strong>historia</strong></span> <span class='ocrx_word' id='word_1_299' title='bbox 1163 3895 1208 3935; x_wconf 82' lang='lat' dir='ltr'><strong>res</strong></span> 
     </span>
     <span class='ocr_line' id='line_1_36' title="bbox 161 3971 1209 4062; baseline 0 -24"><span class='ocrx_word' id='word_1_300' title='bbox 161 3972 266 4062; x_wconf 66' lang='lat' dir='ltr'><strong>gestae.</strong></span> <span class='ocrx_word' id='word_1_301' title='bbox 298 3971 399 4059; x_wconf 86' lang='lat' dir='ltr'><strong>Apud</strong></span> <span class='ocrx_word' id='word_1_302' title='bbox 414 3972 542 4038; x_wconf 90' lang='lat' dir='ltr'><strong>Livium</strong></span> <span class='ocrx_word' id='word_1_303' title='bbox 554 3973 613 4038; x_wconf 86' lang='lat' dir='ltr'><strong>est:</strong></span> <span class='ocrx_word' id='word_1_304' title='bbox 630 3973 750 4038; x_wconf 76' lang='lat' dir='ltr'><strong>Parva</strong></span> <span class='ocrx_word' id='word_1_305' title='bbox 764 3986 793 4037; x_wconf 80' lang='lat' dir='ltr'><strong>et</strong></span> <span class='ocrx_word' id='word_1_306' title='bbox 805 3995 890 4036; x_wconf 70' lang='grc' dir='ltr'><strong><em>τουσι</em></strong></span> <span class='ocrx_word' id='word_1_307' title='bbox 902 3987 955 4058; x_wconf 83' lang='lat' dir='ltr'><strong>per</strong></span> <span class='ocrx_word' id='word_1_308' title='bbox 967 3972 1067 4036; x_wconf 80' lang='lat' dir='ltr'><strong>eadem</strong></span> <span class='ocrx_word' id='word_1_309' title='bbox 1080 3985 1209 4061; x_wconf 77' lang='lat' dir='ltr'><strong>tempora</strong></span> 
     </span>
     <span class='ocr_line' id='line_1_37' title="bbox 166 4072 1210 4164; baseline 0.001 -25"><span class='ocrx_word' id='word_1_310' title='bbox 166 4075 361 4164; x_wconf 74' lang='lat' dir='ltr'><strong>lileraefioere</strong></span> <span class='ocrx_word' id='word_1_311' title='bbox 368 4102 382 4154; x_wconf 80' lang='grc' dir='ltr'><strong><em>ς</em></strong></span> <span class='ocrx_word' id='word_1_312' title='bbox 403 4100 465 4140; x_wconf 85' lang='lat' dir='ltr'><strong>una</strong></span> <span class='ocrx_word' id='word_1_313' title='bbox 481 4072 720 4161; x_wconf 77' lang='lat' dir='ltr'><strong>mstodiufidelir</strong></span> <span class='ocrx_word' id='word_1_314' title='bbox 730 4075 871 4139; x_wconf 72' lang='lat' dir='ltr'><strong>memorie</strong></span> <span class='ocrx_word' id='word_1_315' title='bbox 885 4099 979 4138; x_wconf 86' lang='lat' dir='ltr'><strong>rerum</strong></span> <span class='ocrx_word' id='word_1_316' title='bbox 989 4073 1160 4161; x_wconf 80' lang='lat' dir='ltr'><strong>gestorum:</strong></span> <span class='ocrx_word' id='word_1_317' title='bbox 1181 4089 1210 4140; x_wconf 81' lang='lat' dir='ltr'><strong>el</strong></span> 
     </span>
     <span class='ocr_line' id='line_1_38' title="bbox 165 4166 1348 4268; baseline -0.003 -25"><span class='ocrx_word' id='word_1_318' title='bbox 165 4180 244 4267; x_wconf 82' lang='lat' dir='ltr'><strong>quod</strong></span> <span class='ocrx_word' id='word_1_319' title='bbox 256 4179 369 4265; x_wconf 75' lang='lat' dir='ltr'><strong>etiamst</strong></span> <span class='ocrx_word' id='word_1_320' title='bbox 381 4204 448 4268; x_wconf 73' lang='lat' dir='ltr'><strong>qua</strong></span> <span class='ocrx_word' id='word_1_321' title='bbox 462 4178 494 4242; x_wconf 85' lang='lat' dir='ltr'><strong>in</strong></span> <span class='ocrx_word' id='word_1_322' title='bbox 509 4166 721 4244; x_wconf 66' lang='lat' dir='ltr'><strong>commentariis</strong></span> <span class='ocrx_word' id='word_1_323' title='bbox 733 4176 924 4263; x_wconf 71' lang='lat' dir='ltr'><strong>Pontificum,</strong></span> <span class='ocrx_word' id='word_1_324' title='bbox 935 4175 1060 4267; x_wconf 81' lang='lat' dir='ltr'><strong>aliisque</strong></span> <span class='ocrx_word' id='word_1_325' title='bbox 1071 4176 1208 4265; x_wconf 71' lang='lat' dir='ltr'><strong>publicas·</strong></span> <span class='ocrx_word' id='word_1_326' title='bbox 1253 4221 1257 4226; x_wconf 86' lang='lat'><em>-</em></span> <span class='ocrx_word' id='word_1_327' title='bbox 1347 4204 1348 4207; x_wconf 42' lang='lat'>¹</span> 
     </span>
     <span class='ocr_line' id='line_1_39' title="bbox 166 4280 1207 4372; baseline -0.001 -26"><span class='ocrx_word' id='word_1_328' title='bbox 166 4305 222 4368; x_wconf 75' lang='lat' dir='ltr'><strong>quc</strong></span> <span class='ocrx_word' id='word_1_329' title='bbox 235 4294 319 4347; x_wconf 76' lang='lat' dir='ltr'><strong>erant</strong></span> <span class='ocrx_word' id='word_1_330' title='bbox 335 4282 537 4363; x_wconf 81' lang='lat' dir='ltr'><strong>monumentis,</strong></span> <span class='ocrx_word' id='word_1_331' title='bbox 552 4282 666 4370; x_wconf 82' lang='lat' dir='ltr'><strong>incensa</strong></span> <span class='ocrx_word' id='word_1_332' title='bbox 681 4280 753 4345; x_wconf 77' lang='lat' dir='ltr'><strong>urbe</strong></span> <span class='ocrx_word' id='word_1_333' title='bbox 763 4281 917 4372; x_wconf 76' lang='lat' dir='ltr'><strong>pleneque</strong></span> <span class='ocrx_word' id='word_1_334' title='bbox 930 4281 1074 4348; x_wconf 77' lang='lat' dir='ltr'><strong>interiere.</strong></span> <span class='ocrx_word' id='word_1_335' title='bbox 1113 4281 1207 4352; x_wconf 84' lang='lat' dir='ltr'><strong>Pote-</strong></span> 
     </span>
    </p>
   </div>
   <div class='ocr_carea' id='block_1_3' title="bbox 0 0 1385 4770">
    <p class='ocr_par' dir='ltr' id='par_1_14' title="bbox 0 0 1385 4770">
     <span class='ocr_line' id='line_1_40' title="bbox 0 0 1385 4770; baseline 0 0"><span class='ocrx_word' id='word_1_336' title='bbox 0 0 1385 4770; x_wconf 95' lang='lat' dir='ltr'><strong> </strong></span> 
     </span>
    </p>
   </div>
  </div>
 </body>
</html>
