2714 4770
228 328 267 389 οε
367 299 407 390 n.
428 330 477 390 w.
496 330 692 390 anmaov.
713 331 758 390 m
778 331 1014 392 enormem
1032 333 1111 393 nra.

226 491 270 555 est
281 477 411 576 Ζοτόροο
423 489 434 554 l
444 490 593 570 Θοοηΐδος,
606 511 671 554 non
684 490 789 578 magia
801 490 881 557 certi
895 514 991 579 quam
1004 490 1138 558 aliorum
1148 490 1183 556 in
1195 490 1260 558 hoc

224 592 334 659 libello
355 592 537 657 citatorum.
583 592 684 661 Quod
698 606 808 659 autem
823 593 911 680 apud
923 592 1174 659 Valckenarium
1189 593 1261 660 edi·

174 747 181 769 .
225 713 280 762 tur
301 695 411 784 στςόφορ
431 696 478 759 τὸν
498 694 558 775 βίον
578 694 759 784 τεριέγραψο,
774 696 808 761 in
829 695 934 760 Grotii
953 696 1128 781 exemplari
1140 696 1263 784 legitur

224 799 324 888 ssrr‘xe
336 824 365 863 τ·
379 800 412 878 β·
427 825 460 863 ‘-
1176 830 1178 835 ⁴

267 902 319 968 λε’.
342 923 417 989 314.
440 904 497 988 C.]
522 904 667 969 Romana
685 926 736 969 rea
755 903 861 969 rursus
881 924 963 968 nova
986 916 1020 967 et
1040 902 1194 983 inaudita,
1221 903 1263 969 de

224 1006 451 1093 Lupercalium
472 1006 598 1094 origine
619 1020 653 1072 et
675 1009 823 1094 Luperca
843 1007 921 1073 dea:
945 1029 1016 1094 quae
1039 1007 1206 1094 significari
1229 1008 1262 1073 in

223 1110 286 1176 hac
305 1109 543 1176 narratiuncula
563 1109 724 1175 videntur.
767 1110 856 1176 Huic
874 1123 1001 1197 poterat
1023 1109 1130 1175 nobile
1150 1131 1262 1175 exem·

225 1211 318 1300 plum
345 1212 464 1301 apponi
491 1212 682 1302 Iphigeniae.
725 1213 812 1278 Nam
840 1212 881 1279 de
912 1212 1047 1279 Helenae
1076 1211 1263 1300 hujusmodi

224 1314 330 1380 cautla
343 1315 388 1380 nil
403 1315 437 1380 in
457 1315 575 1382 fabulis
595 1315 760 1404 proditum
781 1316 872 1382 fuiffe
891 1315 1035 1392 videtum
1055 1309 1133 1380 lieet
1154 1317 1263 1404 Lyco·

221 1417 355 1505 phronis
369 1417 402 1482 in
415 1417 598 1485 Alexandra
617 1419 695 1485 vers.
712 1438 787 1487 toa.
802 1419 858 1486 ubi
873 1418 1033 1485 Helenam
1047 1418 1127 1484 dicit
1139 1417 1262 1503 ἄνομφιν

221 1519 326 1606 πόρτιν,
352 1518 418 1585 huc
441 1519 581 1607 spectare
607 1534 701 1607 putet
721 1521 892 1600 Memfim,
916 1535 950 1586 et
972 1520 1050 1585 item
1072 1520 1259 1607 opinionem

88 1623 91 1628 ’
213 1621 311 1687 ‘suam
325 1633 461 1707 reponat
474 1619 508 1687 in
523 1621 660 1687 Miscell.
675 1623 798 1688 Lacon.
811 1624 856 1686 11.
870 1624 921 1686 16.
933 1643 967 1709 p.
983 1638 1019 1706 17
1021 1637 1055 1706 5.
1086 1621 1187 1710 Quod
1201 1645 1261 1688 no·

223 1723 273 1791 bie
296 1722 427 1810 quidem
442 1746 508 1790 non
523 1725 687 1811 probatur.
732 1727 781 1790 Ex
794 1724 914 1789 diverso
927 1722 1061 1809 hujusce
1074 1737 1185 1789 tamen
1201 1726 1262 1790 Pae

222 1824 407 1893 rallelorum
428 1826 529 1894 libelli
546 1828 729 1915 exemplare
747 1827 871 1893 videtur
884 1814 1002 1892 fluxilse
1015 1826 1124 1893 fabula
1137 1840 1263 1893 narrata

222 1927 257 1995 in
278 1930 408 1995 Tzetzae
431 1931 664 1996 commentario
682 1931 723 1996 ad
737 1929 902 2019 Lycophr.
918 1929 995 1994 vers.
1013 1948 1087 2015 1311.
1103 1928 1144 1994 de
1158 1930 1261 1996 Hele·

221 2053 265 2098 na
278 2054 299 2097 a
313 2032 425 2098 Paride
439 2047 530 2120 rapta
542 2032 666 2099 interea
683 2032 762 2100 dum
777 2031 947 2098 Menelaus
969 2030 1089 2098 oraculi
1105 2030 1205 2120 juffu,
1214 2032 1263 2114 ab

222 2135 363 2201 exercitu
386 2133 429 2200 ad
450 2134 580 2221 Trojam
604 2135 744 2216 sedente,
770 2137 918 2222 Spartam
943 2135 1119 2222 prosodiae,
1145 2136 1261 2201 sacrifi·

221 2235 309 2302 cium
331 2249 527 2323 patraret-.
571 2241 678 2321 Λιιμοῦ
700 2240 727 2302 δὲ
750 2238 944 2325 κατασχόντος
962 2237 1194 2320 Λακεδαιμονίους
1213 2240 1262 2303 xal

219 2339 425 2422 μαντευομένων
446 2338 564 2426 &gam
582 2346 596 2403 ὅ
612 2341 766 2406 ’Atiam
786 2342 841 2417 θεὸς
859 2345 899 2425 μὴ
920 2343 1050 2418 παυθῆναι
1064 2342 1111 2404 τὸν
1128 2343 1224 2423 λοιμον
1237 2344 1262 2404 al

219 2444 259 2522 μὴ
279 2444 387 2527 eripuis
407 2441 626 2525 Λακεδαιμονίων
643 2442 815 2508 amulae
835 2448 869 2529 τῇ
889 2442 979 2530 Τροίᾳ
997 2443 1072 2507 licor
1089 2446 1146 2517 τοῖς
1164 2442 1263 2524 τίιφοις

220 2546 321 2606 αὐτῶν·
338 2568 368 2606 ιι.
381 2566 411 2635 r.
426 2557 458 2607 λ.
474 2542 547 2608 satia
561 2543 602 2608 est
616 2543 803 2610 documenti
818 2543 852 2608 in
863 2542 1067 2609 limilitudine
1078 2544 1260 2625 verborum,

220 2643 410 2710 narrationis
423 2644 568 2732 quamvis
582 2649 789 2733 praeposterae.
833 2647 888 2710 Ab
907 2646 1023 2711 eodem
1040 2645 1172 2711 exordio
1183 2668 1262 2734 pro·

219 2745 323 2812 foetus
345 2748 494 2813 Stobaeua
516 2748 601 2814 Flor.
622 2748 688 2815 lit.
708 2749 788 2816 Vll.
809 2768 923 2835 p.·93:
947 2753 1052 2831 Λοιμοῢ
1067 2748 1263 2835 κατασχόντος

219 2853 269 2929 τὴν
281 2849 479 2934 Λακεδαίμονα
495 2851 603 2916 transit
621 2850 655 2917 in
675 2851 889 2917 narrationem
907 2849 948 2916 de
967 2850 1042 2914 Buli
1059 2863 1094 2915 et
1113 2850 1262 2937 Sperthie

220 2952 360 3042 cognitis
381 2973 421 3018 ex
442 2951 613 3020 Herodoto
627 2955 705 3021 Vll.
724 2973 796 3039 134.
813 2953 899 3039 seq.:
923 2953 1088 3019 auctorem
1106 2951 1263 3040 profeffua

217 3057 341 3121 Ἐοιτῶν
356 3053 486 3134 Θησέος.
530 3057 583 3120 De
597 3056 747 3143 usurpata
759 3079 779 3120 a
793 3054 956 3142 Spartanis
971 3054 1126 3143 religione
1141 3055 1262 3120 huma·

221 3180 334 3223 narum
359 3154 561 3222 victimarum
583 3179 623 3223 ex
643 3156 845 3245 Apollodoro
869 3157 966 3222 refert
988 3156 1184 3246 Porphyrius
1208 3158 1262 3222 De

220 3255 345 3322 Abstin.
363 3257 408 3319 Il.
422 3269 479 3341 55.

262 3357 319 3432 λς’.
334 3375 411 3443 314.
426 3359 481 3442 Ε.]
506 3357 636 3423 Romuli
657 3369 691 3423 et
713 3357 806 3424 Remi
827 3357 996 3444 negotium
1020 3356 1141 3423 nemini
1163 3356 1261 3444 igno-

220 3471 310 3526 tum:
334 3473 458 3542 contra,
481 3464 635 3527 Graecum
656 3460 733 3528 alibi
754 3482 819 3526 non
835 3461 992 3548 legimus:
1017 3459 1170 3546 Nydimus
1186 3459 1260 3547 qui·

220 3564 293 3630 dem
319 3577 353 3630 et
374 3565 553 3652 Parrbastus
574 3564 700 3651 prodita
720 3564 754 3630 in
775 3563 942 3628 Arcadicia
965 3562 1107 3628 nomina.
1152 3563 1213 3626 Pro
1232 3566 1260 3626 lv

217 3666 324 3754 Ἰουλίᾳ
342 3667 511 3755 Anonym.
525 3680 560 3734 et
575 3668 721 3755 Bryanua
735 3667 775 3732 ad
790 3666 859 3733 Vit.
878 3664 1040 3731 Plutarch.
1055 3666 1095 3730 Τ.
1112 3666 1139 3727 Ι.
1155 3685 1188 3750 p.
1205 3679 1260 3748 72.

218 3770 386 3858 corrigunt
398 3770 414 3850 l
428 3770 537 3836 ’lum
560 3770 648 3836 idem
668 3774 799 3846 Φαῦστος
821 3768 854 3833 in
875 3766 1043 3842 Φαυστόλος
1066 3765 1260 3831 mutandum

219 3887 343 3938 monet.

262 3974 318 4055 λζ.
337 3997 371 4061 p.
390 3992 467 4062 313.
488 3975 548 4061 Α.]
573 3977 725 4040 Graecum
747 3986 988 4062 argumentum,
1011 3971 1259 4060 pervulgatumr

218 4076 386 4157 Latinum,
401 4076 592 4142 inauditum.

262 4177 318 4257 λη’.
332 4195 407 4267 315.
421 4181 477 4264 Β.]
492 4180 651 4246 Hercules
665 4177 740 4244 ἴθοοι
754 4179 799 4243 τὸν
814 4178 954 4266 Βούσιριν,
968 4191 1007 4244 ut
1020 4177 1064 4242 est
1077 4174 1163 4262 apud
1180 4172 1258 4240 Plu·

219 4279 366 4348 tarchum
384 4281 418 4349 in
432 4281 555 4349 ‘l'heseo
568 4303 602 4369 p.
616 4296 650 4368 5.
666 4281 706 4348 Β.
722 4281 891 4349 decantata
911 4278 1019 4347 fabula
1028 4303 1040 4362 3
1064 4276 1141 4366 Quis
1162 4275 1258 4342 illaa-
