2714 4770
218 349 488 416 ammonas
507 349 711 420 muamus.
732 366 844 432 9979.
859 350 961 412 8-1.
1071 370 1107 426 4¹

73 506 158 577 hanc
168 508 358 597 religionem
375 509 527 577 referens.
571 511 661 579 Deos
674 511 800 585 obleffae
814 510 957 586 urbisab
971 509 1112 591 hostibus

72 623 235 692 evocatos,
254 610 387 681 subinde
403 611 554 700 legimus,
572 627 605 679 et
620 611 731 680 docuit
747 612 895 686 Guelliur
910 600 1113 706 9911919999·

71 711 116 777 da
133 711 176 778 ad
189 712 305 801 Virgil.
320 715 398 781 AEn.
415 717 460 780 ll.
474 734 551 800 35¹·
583 714 744 781 Stanloius
758 716 798 783 ad
813 715 1003 803 AEsnhylum
1019 717 1111 802 Sept.

71 836 103 880 9.
127 814 230 881 Tbeb.
254 834 327 901 223.
366 816 596 904 Wellelingius
614 816 656 882 ad
675 816 775 883 Diod.
794 816 859 890 Sic.
877 818 917 889 T.
935 820 965 900 l.
985 839 1019 904 p.
1034 819 1111 903 588.

71 917 125 984 De
147 917 252 1005 Tyriis
270 918 607 1006 oppugnatisllatuas
629 920 775 986 Deorum
799 916 1010 1007 alligantibus
1026 920 1111 996 Dio·
1216 922 1222 927 ’

71 1018 169 1086 dorus
183 1021 248 1087 Sic.
264 1022 376 1089 XVII.
390 1041 446 1105 41.
481 1022 613 1088 Curtius
630 1015 689 1089 lV.
703 1043 738 1110 3,
749 1042 808 1089 or.
854 1021 992 1093 Homeri
1008 1024 1112 1089 versus

71 1121 115 1187 eli
137 1121 230 1189 iliad.
252 1127 295 1191 O.
320 1144 393 1211 193.
434 1126 486 1192 De
509 1125 684 1191 lavatione
707 1125 878 1193 statuarum
906 1124 1052 1199 Deorum
1074 1148 1113 1192 ao

70 1219 214 1295 Dearum
242 1227 338 1295 dode
368 1228 486 1296 disserit
515 1230 574 1296 Ea.
605 1227 820 1316 Spanhemius
848 1227 890 1301 ad
919 1228 1112 1300 Callimachi

71 1328 223 1416 Hymn'
215 1353 248 1396 rn
266 1331 401 1397 Palladis
416 1333 548 1397 lavacr.
563 1354 645 1397 vera.
664 1352 693 1396 1.
1204 1344 1207 1348 ’

113 1448 146 1516 9.
163 1447 238 1519 979.
254 1433 293 1499 Β.
308 1433 379 1521 ἔβη
404 1436 500 1500 Pater
512 1446 652 1523 patronas
665 1434 749 1521 quali
760 1405 907 1523 patrimus
919 1433 1113 1522 intelligitur

68 1555 89 1598 a
107 1533 299 1615 Plutarcho·
322 1558 398 1614 nam
422 1538 514 1608 Festo
532 1537 676 1626 quidem,
698 1539 795 1604 Pater
806 1538 951 1627 patrimus
962 1538 1112 1603 dicebatur

69 1638 153 1723 apud
159 1638 303 1728 antiquos,
318 1640 371 1729 qui
383 1641 546 1730 quonjam
559 1643 618 1730 ipsa
628 1655 714 1730 pour
728 1642 805 1730 effet,
816 1640 1035 1709 hadebarerim
1051 1654 1113 1707 tun

64 1751 192 1828 999999.
221 1743 264 1807 Et
276 1741 386 1809 Livius
400 1742 492 1809 ducit
508 1767 528 1808 a
539 1745 700 1832 patrando,
707 1743 766 1810 led
779 1742 843 1809 alia
857 1742 994 1824 ratione,
997 1745 1040 1823 Ἰ,
1056 1762 1110 1827 94.

68 1843 164 1910 Pater
181 1856 319 1933 patratur
340 1848 385 1912 ad
389 1846 603 1935 mutandum
619 1845 838 1936 patrandum,
827 1843 1113 1934 rdoslsauciendum

56 1941 117 2028 fle.
161 1945 356 2014 Conferatur
374 1947 502 2015 Voffius
525 1950 638 2036 Etym.
665 1950 770 2015 Voce.
810 1946 1069 2076 Homericum
1049 1975 1113 2055 999

67 2043 440 2134 99199991199991111
456 2053 495 2112 Α.
511 2064 590 2134 343.

114 2160 189 2231 97.9
136 2145 251 2230 70.
270 2147 345 2234 ξγ’.]
372 2150 494 2237 Regem
516 2149 705 2216 sacrificum
726 2170 747 2213 a
769 2148 847 2235 reip.
867 2147 1056 2215 tmilatione
1078 2161 1113 2217 et

67 2248 272 2336 magistratus
286 2272 421 2316 munere
439 2250 622 2317 abstinere'
607 2273 664 2339 Jus
682 2250 784 2329 fuille,
804 2250 953 2339 exemplo
971 2251 1014 2318 est
1030 2251 1112 2321 Livii

67 2349 191 2424 mentio
205 2352 278 2417 XL.
292 2372 347 2434 49.
388 2354 441 2421 De
455 2351 588 2419 sacrorn
605 2352 748 2419 Comitio
761 2352 946 2418 luculentus
960 2354 1004 2418 est
1017 2353 1110 2421 loeus

69 2451 196 2519 reatin
213 2452 403 2542 chzflgium
415 2455 585 2542 dics—quo
600 2454 719 2541 speilat
733 2454 866 2521 Ovidius
880 2456 959 2521 Fast.
974 2458 1019 2523 V.
1034 2473 1110 2542 727.

67 2555 121 2624 De
142 2555 327 2643 hujusmodi
348 2557 530 2624 sacerdotiis
549 2556 709 2623 exstinuae
728 2557 891 2644 potestatis
913 2557 1011 2646 regiae
1033 2559 1110 2624 reli·
1180 2619 1181 2622 ,

65 2655 162 2743 quiis,
189 2671 224 2724 et
246 2658 387 2724 Athenis
414 2659 478 2725 fuit
499 2659 589 2745 Regis
611 2659 785 2724 Sacrorum:
815 2672 850 2724 et
869 2658 933 2724 alia
954 2673 1110 2728 notarunt

10 2748 14 2759 '
72 2757 282 2825 casaubonus
295 2774 330 2826 et
343 2759 592 2826 Aluteloveenus
606 2758 649 2824 ad
664 2759 857 2825 Strabonem
871 2760 964 2825 XIV.
983 2782 1015 2847 9.
1032 2763 1108 2848 938.

113 2875 187 2945 9.
134 2861 249 2944 7.D
263 2861 330 2947 Eli]
350 2860 1111 2974 Ε999199ιῼυε911199999996199118799991999.
1228 2843 1231 2848 ’

69 2962 198 3042 v11.4.

112 3080 187 3149 979
204 3064 243 3128 Ε.
259 3061 298 3142 ἔπ’
277 3065 324 3150 r.]
342 3065 524 3129 Romanum
542 3048 665 3128 morem
683 3084 746 3127 non
762 3061 894 3127 memini
909 3084 962 3127 me
977 3061 1010 3127 in
1025 3062 1111 3128 Bris-

68 3165 158 3232 sonio
171 3178 229 3230 aut
242 3164 319 3231 alibi
330 3164 449 3253 legisse.
479 3164 670 3231 Plutarchus
684 3184 870 3251 comparare
883 3178 1010 3251 poterat
1025 3165 1111 3232 fimi·
1180 3176 1186 3184 '

66 3267 131 3332 lem
154 3269 385 3354 Spartanorum
404 3265 680 3345 c'onsuetudinem,
697 3266 750 3352 ipsr
766 3280 978 3333 memoratam
993 3268 1026 3333 in
1041 3271 1110 3356 Ly·

65 3391 167 3456 surgo
179 3391 213 3455 9.
225 3369 336 3450 48.1),
349 3370 388 3433 Ε.
420 3368 548 3433 Solonis
556 3369 664 3455 legem
674 3366 958 3435 animadvertimus
972 3369 1006 3434 in
1023 3372 1108 3437 Pre-

67 3485 155 3558 oept.
173 3471 317 3560 099399.
331 3489 366 3560 9.
384 3473 457 3559 138.
474 3474 519 3540 D.
563 3473 740 3552 Ceterum,
760 3476 817 3547 τοῖς
834 3471 923 3556 νόμοις
943 3474 1109 3562 corrigen-

68 3570 149 3640 dum
163 3572 407 3658 1999919νὸ9999,
423 3575 473 3640 vel
487 3578 543 3651 τοῖς
558 3573 691 3657 malfam.

113 3695 187 3762 279.
203 3677 240 3741 F.
254 3675 324 3763 ξς’.]
346 3679 399 3744 De
414 3677 512 3743 Circo
525 3676 683 3743 Flaminio
696 3678 800 3743 Varro
816 3678 855 3743 L.
871 3679 911 3743 L.
928 3679 988 3745 IV.
1003 3700 1038 3766 p.
1053 3695 1110 3765 37.

67 3794 203 3869 acampo
220 3779 367 3847 Flaminio
386 3781 510 3848 didium
533 3779 613 3846 vult.
628 3782 751 3847 Festus:
774 3779 939 3846 Flamniiiis
955 3780 1068 3860 Circus,
1083 3793 1112 3848 et

69 3883 221 3950 Flaminia
246 3883 280 3948 V
277 3884 320 3964 ia,
341 3910 361 3950 a
383 3883 530 3950 Flaminio
551 3881 673 3972 Corfide
688 3883 865 3973 (litiosam,
880 3883 932 3970 qui
952 3883 991 3947 ab
1011 3884 1112 3951 Anni·

69 3980 135 4058 dale
148 3986 314 4075 intersedius
328 3986 423 4075 estad
434 3987 530 4052 lanam
543 3987 753 4072 Trasimenum.
788 3987 898 4072 Opera
912 3984 979 4051 duo
990 4008 1110 4057 nomen

66 4090 191 4157 >habent
209 4113 231 4156 a
246 4090 287 4157 0.
305 4089 475 4172 Flaminio,
494 4090 551 4179 qui
570 4089 693 4158 Censor
710 4089 774 4154 fuit
790 4091 830 4160 L.
847 4088 980 4163 AEmilio
998 4090 1041 4163 A.
1065 4093 1109 4159 U.
1207 4119 1210 4124 ’

68 4193 267 4266 Dxxx111.
300 4193 460 4261 Videatur
475 4192 608 4283 Pighius
621 4192 742 4280 Annal.
756 4184 902 4281 Magisti.
917 4194 955 4262 R.
966 4194 1006 4261 Τ.
1019 4195 1064 4260 11.
1076 4215 1110 4281 9.

71 4298 145 4385 936.
183 4297 417 4366 Freinlhemiua
437 4296 691 4386 8999199119.
705 4296 783 4363 XX.
797 4296 854 4382 58.
946 4327 949 4334 ·
