2714 4770
171 364 407 425 ammaum
428 365 495 425 an.
516 363 569 424 na
589 359 690 424 nou.
710 384 739 444 p.
754 353 975 443 ,ona-309.
989 365 1024 424 a,
1078 368 1114 442 a,

72 523 249 603 Audierat,
265 523 406 611 ejusdcm
421 545 459 589 ac
473 522 595 611 priores'
611 521 771 591 officinae.
791 522 924 588 Τούσκων
935 545 996 611 pro
1007 537 1114 591 vetere

69 625 221 712 Τροότκοον
237 625 294 690 dat
307 625 437 693 Harlei:
454 626 542 692 idem
556 626 704 715 Θύμβρνος
718 649 794 692 cum
808 628 895 694 Voff.
911 629 989 695 Jun.
1006 629 1112 692 Petav.

66 800 69 809 Ι
115 726 148 790 d.
163 743 240 812 307.
260 729 311 813 E.]
336 730 388 795 De
405 728 507 793 Icario
522 743 556 795 et
571 729 713 817 Erigone
725 727 842 795 'dserte
856 743 988 796 narrant
1006 729 1112 795 Scho-

69 826 113 892 lia
125 827 166 892 ad
184 827 276 893 Iliad.
292 833 334 893 Χ.
351 850 404 915 29.
438 831 567 911 Vetera,
584 833 720 909 Veneta,
738 830 965 918 Porphyriana
981 831 1112 896 auetore

71 929 292 1011 Eratosthene,
316 930 383 996 duo
404 931 511 1019 priora
532 930 619 997 nude
641 934 676 1006 ὥς
699 935 801 1019 ἱστορεῖ
821 931 1026 1018 Ἐρατοσθένης·
1051 953 1112 1019 po-

69 1031 184 1096 strema
201 1030 342 1119 plenius,
363 1037 467 1121 1ττορε1
483 1031 679 1119 Ἐρατοσθίνης
693 1036 720 1095 ir
733 1037 789 1108 τοῖς
804 1039 901 1097 ἑαυτοῦ
916 1033 1111 1118 Καταλῶγονς.
1178 1019 1195 1065 “’

71 1131 181 1221 Hujus
203 1156 330 1200 carmen
349 1135 481 1222 Erigone
498 1134 632 1200 laudant
650 1134 826 1215 alit-citati
847 1134 992 1200 Fabricio
1011 1136 1050 1199 Β.
1067 1137 1110 1201 G.

71 1237 116 1300 11.
131 1257 164 1323 p.
178 1250 257 1321 475.
300 1236 454 1302 Fabulam
469 1250 503 1303 et
516 1237 734 1325 Apollodorus
749 1237 848 1302 refert
864 1238 926 1302 111.
946 1256 997 1319 14,
1016 1254 1048 1323 7.
1069 1238 1111 1303 ad

67 1360 166 1424 quem
189 1339 423 1424 cognoscantur
445 1352 556 1405 notata
577 1340 711 1426 Heynii.
756 1339 820 1405 Sed
835 1341 950 1405 Noster
964 1339 1111 1405 tenebrio

67 1439 178 1504 omnia
199 1440 352 1505 turbavit:
376 1454 410 1506 et
424 1441 507 1506 varia
519 1440 615 1507 ladio
629 1442 673 1506 est
686 1442 718 1506 in
734 1442 755 1506 J
757 1464 812 1506 un.
827 1441 1109 1524 &Harl-infr·

66 1541 143 1619 νόθη·
166 1544 202 1618 οὖς
225 1542 479 1631 81,Ἐροιτοτθε’νης,
494 1543 604 1631 Κρόνος·
628 1543 705 1620 οὗτος
718 1549 776 1630 γὰρ
791 1551 917 1631 γεωργοῦ
933 1545 1002 1619 τννός
1017 1545 1108 1630 loya-

66 1641 136 1731 τέρα
149 1645 198 1708 nal
211 1643 305 1731 τοροῖᾳ
314 1637 406 1723 Ιννοιλνὶν
422 1644 507 1710 οὖσαν
525 1645 663 1728 ὂβνίνξντο.
709 1644 812 1732 Cujus
826 1644 908 1709 istud
922 1649 950 1708 ir
963 1643 1056 1732 τορε1ρ
1068 1666 1109 1710 ex

65 1743 198 1833 vulgato
214 1747 363 1830 Ἐντωρία,
386 1759 420 1811 et
442 1746 506 1812 hoc
526 1769 566 1812 ex
583 1746 729 1835 Ἠριγόνῃ,
753 1760 867 1812 natum
888 1748 942 1812 est.
966 1750 1003 1812 F.
1025 1747 1108 1813 adeo

66 1847 189 1933 praebet
203 1852 230 1911 ὲν
243 1847 350 1934 Taphi.
388 1850 583 1928 Romanum,
597 1870 686 1913 mere
702 1869 810 1934 nugae.

62 1969 69 1977 ·
108 1947 138 2013 ν’.
161 1973 194 2035 p.
217 1949 293 2035 308.
315 1950 374 2034 A.]
408 1950 561 2014 Graecum
594 1949 703 2015 habet*
724 1949 874 2032 Stobaeus
903 1949 1011 2014 Floril.
1040 1951 1107 2017 Ta.
1215 2008 1219 2016 .

65 2054 245 2119 XXXVII.
259 2072 292 2138 p.
306 2051 379 2116 228.
411 2052 593 2116 Romanum
608 2050 783 2115 monstrum
798 2050 914 2115 exffitit
924 2074 963 2116 ex
978 2052 1107 2118 duobus

20 2219 25 2228 ,
65 2153 159 2219 factis
174 2153 207 2217 in
225 2174 326 2218 unum
340 2150 487 2217 conflatis
500 2149 607 2231 Decii,
622 2164 656 2217 et
671 2152 728 2238 Sp.
745 2151 849 2232 casui,
861 2150 902 2216 de
916 2175 982 2240 quo
994 2153 1105 2220 Livius

67 2259 113 2321 11.
127 2277 184 2338 41.

107 2357 155 2422 ια’.
169 2357 246 2444 308.
259 2356 320 2441 6.]
346 2358 533 2443 Utrumque
547 2355 859 2443 inepte'distortum:
884 2354 1036 2422 Latinum
1051 2366 1103 2421 et·

65 2459 130 2524 iam
145 2459 268 2545 aliquot
282 2458 383 2523 verbis
398 2471 602 2523 truncatum:
624 2457 740 2525 absunt
753 2457 786 2522 in
804 2457 895 2550 Harl.
1010 2494 1033 2539 a,
1125 2520 1129 2530 ,
1162 2494 1164 2508 ›

105 2556 155 2634 οβ’.
178 2559 255 2644 308.
278 2559 338 2644 Da]
369 2561 550 2625 Romanum
571 2558 713 2624 constat:
739 2561 893 2624 Graecum
916 2582 981 2624 non
1003 2557 1102 2623 modo

63 2660 268 2740 ementitum,
284 2659 337 2724 sed
354 2660 446 2726 stulte
460 2659 665 2724 ementitum.
712 2659 810 2724 Paulo
825 2659 893 2725 aliia
908 2658 1011 2724 verbis
1026 2679 1101 2722 nar·

63 2777 152 2827 ratur
165 2763 199 2827 in
217 2761 309 2826 Harl.
323 2784 396 2848 quae
410 2761 616 2827 transcribere
630 2782 695 2826 non
710 2761 839 2825 attinet.

106 2866 157 2951 nl.
171 2867 247 2951 308.
264 2866 316 2949 F.]
341 2865 410 2930 Iole
427 2864 559 2952 cognita
573 2863 606 2928 in
623 2861 751 2941 fabulis,
768 2885 832 2927 non
848 2862 926 2926 item
941 2861 1101 2926 innocuus

60 2968 103 3032 de
118 2989 212 3032 muro
226 2966 342 3031 saltur:
367 2965 533 3044 Latinum,
547 2985 622 3028 cnm
637 2963 820 3029 rudioribus
836 2961 932 3029 Nicia
943 2975 977 3028 et
990 2963 1101 3028 Theo·

62 3070 167 3158 philo,
183 3068 270 3134 unde
285 3081 450 3147 venerunt,
466 3088 505 3133 eo
519 3066 646 3132 abeant.

104 3172 147 3237 ιδ’.
162 3195 195 3260 p.
209 3193 286 3260 309.
304 3173 362 3257 A]
392 3169 570 3257 Iphigeniae
584 3167 788 3234 decantatam
803 3189 872 3233 rem
886 3168 957 3254 quis
971 3191 1011 3233 ex
1025 3124 1100 3236 Me·

60 3278 154 3365 ryllo,
174 3279 330 3363 nusquam
353 3273 436 3339 nifi
427 3295 461 3338 rn
480 3272 566 3338 istius
584 3272 684 3337 libelli
705 3272 834 3337 officina
854 3285 942 3353 nato,
958 3275 1095 3360 probet?

60 3379 196 3465 Reliqua
217 3392 254 3443 ut
275 3377 418 3464 proxime
439 3373 634 3440 antecedens
656 3387 765 3461 caput.
812 3374 1026 3460 Spanhemiua
1047 3386 1097 3439 ta-

58 3502 134 3546 men
155 3480 241 3544 hunc
259 3479 367 3544 locum
390 3490 428 3542 ut
451 3498 524 3542 vere
539 3476 763 3542 Plutarcheum
779 3474 927 3541 adhibuit
940 3476 982 3541 ad
997 3476 1097 3542 Calli-

59 3583 168 3649 machi
183 3584 228 3647 H.
245 3583 353 3647 Cerer.
370 3580 447 3646 vers.
463 3599 536 3665 109.

103 3685 145 3749 a'.
159 3705 236 3770 309.
252 3684 310 3768 A.]
336 3684 484 3747 Graecam
508 3680 670 3746 historiam
689 3679 818 3745 exhibet
840 3681 988 3746 Stobaeuc
1010 3680 1095 3746 Flor.

59 3788 124 3854 Tit.
141 3789 185 3852 X.
201 3809 234 3874 p.
252 3805 324 3871 133.
360 3783 492 3850 Gesner.
508 3804 542 3870 p.
559 3802 632 3871 290.
648 3783 776 3849 Schow.
792 3781 903 3846 addita
916 3793 994 3846 nota
1008 3787 1098 3846 Kau-
1149 3807 1153 3816 .

60 3898 147 3972 τορῶν
161 3891 188 3952 ἐν
202 3887 319 3973 πέμπτῳ
333 3893 387 3949 τῶν
400 3887 560 3964 Ἰταλικῶν,
577 3883 705 3970 prodito
719 3883 817 3948 etiam
832 3880 949 3967 puellae
964 3882 1096 3950 nomine

59 3992 230 4057 Denronica.
276 3987 395 4054 Similis
419 3988 547 4052 fortuna
570 3986 736 4075 Polycritae
754 3984 886 4050 Milefiae
903 3998 1048 4049 narratur
1061 3985 1096 4051 in

62 4092 222 4160 Parthenii
238 4089 374 4156 Eroticis
391 4089 451 4154 IX.
468 4092 544 4174 364.
565 4087 622 4154 ubi
639 4087 793 4154 Schottus
808 4098 931 4164 monet,
946 4084 1095 4154 hocloco

60 4218 119 4282 pro
132 4194 253 4259 οἵοδοσον
267 4190 445 4280 legendum
461 4189 522 4254 0110
536 4189 648 4270 εἴσοδον,
659 4205 693 4255 et
706 4189 844 4268 Σαβίνους
857 4209 915 4273 pro
928 4189 1093 4268 Ἀλβανούς·
1174 4236 1176 4239 ,

59 4295 176 4364 horum
192 4295 281 4385 priua
302 4295 347 4361 est
367 4313 537 4383 operarum
559 4290 672 4356 vitium
695 4289 802 4354 nescio
823 4287 915 4376 cujus
934 4288 1095 4368 editionis,

551 4412 575 4457 G
592 4411 611 4460 2
