2714 4770
226 364 231 375 “
251 320 292 449 οι
402 367 792 432 nummarium
813 356 1145 429 numantinum.

250 551 314 620 que
329 527 496 597 Salmasius
510 527 553 595 ad
564 526 702 596 Anthol.
719 527 779 593 Gr.
794 526 827 592 in
843 524 971 593 Boschii
984 524 1079 593 nostri
1092 522 1235 592 editione
1247 545 1284 613 p.

249 647 325 823 2⁷p.
342 750 415 823 295.
430 735 474 800 A.
491 731 552 821 ις’.]
576 733 629 800 Dc
649 731 729 798 Niso
750 729 804 796 alii
823 725 943 796 diversa
961 727 1111 796 tradunt:
1134 726 1284 817 Megarei
1303 796 1310 809 ,

246 848 280 904 et
296 836 449 902 Onchesti
463 835 677 902 meminerunt
692 832 858 900 Pausanias
873 834 902 897 I.
916 854 971 921 39.
1004 833 1166 920 Scymnus
1178 829 1283 897 Chiua

246 939 280 1012 in
308 937 473 1028 Periegefi,
493 959 570 1033 504.
581 948 677 1026 'quoa
701 955 778 1002 cum
796 936 861 1002 hoe
881 934 956 1002 loco
977 933 1110 1002 adhibet
1132 932 1282 1022 Heynina

246 1040 289 1109 ad
302 1040 495 1130 Apollodor.
507 1042 574 1116 ΙΙΙ.
591 1056 643 1126 15
658 1060 692 1127 p.
709 1038 783 1126 885.
826 1039 997 1126 Megaram
1016 1058 1081 1102 non
1101 1035 1209 1123 postea
1223 1034 1281 1101 de·

246 1166 337 1210 mum
351 1166 371 1209 a
383 1141 601 1225 Dorienfibua,
616 1139 753 1231 depulsa
767 1140 808 1205 ab
821 1140 1024 1205 Athenarum
1038 1136 1282 1224 oppugnatione

245 1243 351 1311 Codri
357 1244 487 1324 virtute,
499 1228 664 1310 conditam
676 1240 782 1308 dicam
796 1263 871 1307 cum
885 1238 1046 1306 Larchero
1061 1236 1102 1304 ad
1117 1237 1280 1305 Herodot.

244 1348 283 1414 T.
310 1348 389 1412 VII.
415 1367 450 1433 p.
474 1362 551 1432 415.
575 1342 629 1411 sed
654 1343 779 1411 dudum
805 1342 900 1419 antea
920 1342 1096 1409 habitatam
1122 1339 1263 1406 idem
1234 1364 1282 1409 vu

244 1446 439 1514 dottiffimua
459 1446 555 1514 docet
575 1468 610 1535 p.
631 1461 708 1532 451.
752 1448 795 1510 Et
812 1443 958 1532 proxima
977 1440 1117 1532 Quaestio
1131 1439 1167 1526 ιζ’
1178 1439 1281 1510 docu-

242 1562 354 1617 mento
368 1549 423 1617 est.

285 1672 326 1741 29
327 1665 361 1738 5
372 1651 413 1716 B.
425 1648 486 1737 .p.]
503 1647 645 1717 Pertinet
659 1649 724 1715 huc
739 1646 921 1737 Hesychrua
929 1646 1022 1719 Voce
1034 1629 1213 1738 Διςυξὸιιοςῖ
1222 1644 1280 1713 ιιΙιὶ

242 1755 450 1823 consulantur
465 1757 671 1841 Interpretea.
707 1750 807 1841 Quod
820 1750 939 1817 dicitur
952 1749 985 1815 cl
997 1752 1130 1833 παλαιὸν,
1141 1743 1278 1816 referam

242 1856 284 1922 ad
313 1871 440 1945 tempus
470 1869 546 1922 ante
573 1851 776 1947 Megaridem
797 1876 816 1918 a
841 1850 1048 1920 Dorienfibua
1073 1846 1279 1952 occupatam.

240 1948 514 2049 Tripodiscum‘
477 1984 570 2044 κωρην
582 1958 673 2044 Μιγοι
654 1985 699 2047 ρ
691 1956 743 2033 doc
755 1968 914 2022 memorat
925 1954 1137 2043 Thucydides
1152 1956 1212 2023 IV.
1224 1970 1277 2040 70

241 2061 356 2127 Strabo
370 2062 432 2127 IX.
423 2085 480 2150 p.
473 2064 571 2145 .604.
588 2059 629 2126 C.

285 2160 406 2250 2950
410 2159 646 2247 .ιη’.]ΕοιΙειιι
668 2160 835 2226 παλιντοκία
856 2171 1054 2226 memoratur
1073 2158 1194 2248 Quasi.
1203 2158 1277 2225 Gr.

227 2262 288 2346 ys.
306 2285 340 2351 p.
357 2283 435 2350 304.
451 2265 490 2328 E.
532 2262 721 2350 Theagenea
743 2275 902 2378 tyrannua
920 2254 1168 2350 Megarenfium‚
1191 2262 1280 2328 soca

240 2364 375 2454 Cylonio
396 2362 612 2444 Athenieufia,
634 2363 726 2453 cujua
747 2363 925 2452 conjuratio
949 2351 1146 2452 occupandae
1168 2362 1278 2432 Athe·

240 2489 355 2532 narum
377 2465 538 2556 tyrannidi
560 2479 706 2532 narratur
724 2489 743 2532 a
759 2465 992 2555 Thucydidel.
1009 2469 1082 2534 126.
1103 2466 1231 2532 brevius
1244 2475 1278 2531 et

239 2567 303 2633 fine
323 2567 508 2658 Theagenia
529 2567 694 2634 mentione
718 2567 760 2632 ab
786 2569 957 2635 Herodoto
979 2571 1023 2636 V.
1046 2585 1101 2655 71.
1125 2581 1159 2634 et
1184 2566 1275 2633 Plut-

236 2669 336 2735 archo
357 2669 391 2737 in
411 2668 529 2736 Solone
547 2692 579 2757 p.
602 2672 655 2753 84.
677 2672 722 2737 A.
745 2670 832 2758 quod
855 2665 986 2737 facinua'
999 2673 1178 2738 Larcherua
1199 2659 1275 2759 pro-

174 2836 176 2846 ,
237 2770 385 2840 habiliter
404 2771 445 2837 ad
458 2770 586 2837 ¹annum
608 2784 682 2838 ante
707 2773 820 2839 AEram
844 2774 1007 2863 vulgarem
1022 2778 1098 2842 612.
1120 2774 1219 2839 refert
1234 2774 1274 2840 Τ.

239 2873 297 2940 Ν.
317 2896 350 2961 p.
363 2893 441 2962 321.
483 2873 622 2940 Platonis
637 2874 727 2941 locus
741 2875 795 2940 nifi
811 2876 953 2956 exstaret,
970 2875 1148 2942 credidisset
1161 2874 1275 2964 aliquia

237 2974 385 3042 disertam
410 2978 444 3042 in
467 2999 507 3042 eo
532 2978 769 3065 Megarensium
797 2999 836 3043 ac
863 2977 1046 3066 Theogenis
1075 2978 1274 3044 mentionem
1325 3062 1330 3074 .

78 3172 87 3180 ι
131 3132 134 3138 .
236 3078 321 3144 fieri:
346 3102 434 3144 nunc
455 3079 502 3144 nil
521 3080 574 3144 nifi
593 3078 736 3145 universe
750 3079 962 3146 democratiae
977 3081 1194 3169 reprehendit,
1210 3084 1275 3148 Re·

236 3180 328 3266 publ.
355 3182 452 3247 VIII.
478 3203 511 3269 p.
535 3201 611 3271 499.
636 3183 689 3248 A:
712 3180 806 3246 Ὅτοιν
829 3182 906 3267 οἶμαι
931 3180 1168 3269 δημοκρατουμένη
1194 3183 1275 3257 πόλις

235 3282 384 3370 Ιλευθερῖας
408 3284 567 3365 διψήσασα,
594 3292 687 3348 κακῶν
709 3283 835 3370 οἰνοχόων
858 3285 1084 3375 προσταττόντων
1109 3285 1198 3372 πὰρ,
1224 3284 1272 3353 nal

233 3383 392 3472 πορρωτέρω
403 3391 452 3449 τοῦ
467 3387 567 3461 δέοντος
586 3385 709 3474 ἀκράτου
727 3389 811 3464 αὐτῆς
828 3388 998 3476 μιθυσθῇ-.
1045 3386 1272 3478 Comparatio·

145 3534 149 3544 .
233 3485 284 3552 nie
306 3487 490 3575 exemplum
508 3487 633 3554 secutus
654 3488 699 3554 est
714 3486 824 3555 Liviua
845 3491 1006 3556 XXXIX.
1031 3491 1089 3558 26:
1113 3481 1273 3578 Irfilenlcr

233 3600 262 3653 et
282 3589 430 3655 immodice
448 3589 531 3655 abuti
548 3589 696 3678 Tbeffalos
715 3590 905 3680 indulgentia
915 3591 1017 3681 populi
1037 3591 1172 3671 Ronmni,
1186 3579 1274 3656 vilet

233 3716 269 3756 en
290 3692 411 3757 diutino
423 3693 482 3780 stti
499 3692 585 3757 nimis
599 3692 690 3758 avide
703 3717 813 3758 mnam
827 3692 993 3758 haurientes
1007 3692 1193 3758 libertatem.-
1213 3691 1273 3760 ubi

232 3809 266 3859 et
279 3795 368 3861 bunc
379 3808 415 3862 et
428 3793 565 3860 aliorum
581 3792 672 3859 locoa
685 3795 726 3861 ab
739 3793 854 3860 eodem
868 3794 1016 3883 exemplo
1030 3792 1145 3861 dunos
1166 3814 1270 3885 appo·

231 3894 294 3962 suit
309 3899 342 3963 J.
359 3900 395 3963 F.
411 3895 605 3964 Gronovius.

277 4016 350 4085 295.
364 4001 411 4065 D.
426 3998 484 4087 rs]
511 3998 688 4066 Oraculum
708 4021 747 4064 ex
768 3999 944 4065 Aristotelis
963 3999 1046 4066 libro
1064 4001 1117 4067 De
1135 3998 1270 4066 Troez'e·

116 4135 141 4165 ·.
232 4101 358 4175 nicrum
379 4105 556 4191 Republica
574 4106 672 4172 refert
692 4106 867 4170 Athenaeus
886 4107 913 4171 I.
929 4128 961 4193 p.
977 4126 1032 4193 31.
1049 4106 1098 4172 C:
1121 4095 1269 4194 Χρητμὸς.

229 4193 297 4271 Πῖν’
312 4202 379 4270 οἶνον
392 4207 521 4296 τρυγίαν,
536 4212 592 4274 leel
607 4212 657 4273 οὐκ
672 4206 817 4304 ’ᾼνθηὸὅνοι
837 4206 929 4288 raian,
951 4209 1018 4273 Οὐδ’
1040 4211 1112 4295 ἱερὰν
1130 4207 1278 4303 Ὑπέραν,-

229 4306 266 4374 ὅθι
280 4310 310 4397 γ’
323 4306 444 4397 ἄτρυγον
458 4307 524 4378 οἶνον
538 4309 633 4387 hiras.
659 4309 830 4394 Ὠνομοῖζετο
844 4311 877 4376 δί
885 4313 962 4398 ταρὰ
975 4313 1031 4388 τοῖς
1043 4309 1218 4398 Τροιζηνίοις,
1232 4301 1283 4389 ὅς
