2714 4770
154 345 194 400 40
295 323 334 384 n.
356 323 688 406 namurcum
710 320 945 410 enursncnr
965 319 1044 383 urs.

156 483 203 550 Il.
230 500 281 565 11,
301 499 335 570 5.
372 481 506 549 Ovidius
529 482 608 548 ran.
632 483 777 566 1⁴1.412.
817 480 924 550 Festus
939 499 982 547 ex
994 482 1141 547 Varrone
1160 476 1195 553 is

154 587 239 654 Voc.
253 585 442 652 Ruminalem
455 586 558 651 Ficum
574 607 608 676 p.
622 589 698 667 462·
739 584 867 652 Servius
880 583 922 651 ad
936 585 1013 649 AEn.
1028 582 1127 647 Vlll.
1139 601 1194 668 90.

121 724 123 732 v
154 690 239 755 Turn
254 689 327 767 θηλώ
347 714 389 764 τις
410 687 585 776 legendum
601 687 672 776 jam
694 699 887 754 monuerant
906 683 1141 752 Valckenarius
1153 683 1197 751 sd

155 790 318 880 Euripidis
345 789 491 881 Phoeniff.
519 812 553 877 p.
580 793 654 878 169.
681 804 715 856 et
740 789 908 858 Albertius
931 786 971 853 sd
995 785 1197 876 Hesychium

72 894 75 898 ’
154 892 239 958 Voc.
258 893 342 972 θηλώ.

200 996 272 1080 278.
287 996 331 1061 D.
348 995 413 1082 anfi]
433 994 622 1065 Plutarchus
637 995 824 1083 Romulop.
838 1009 890 1082 25.
903 998 946 1062 A.
966 990 1103 1081 Dionys.
1117 987 1196 1056 Hal.

154 1094 201 1164 Il.
221 1115 272 1162 11.
306 1097 413 1162 Festus
428 1096 460 1162 in
476 1095 598 1162 Adleai
614 1119 647 1184 p.
662 1097 695 1162 8.
711 1096 790 1164 etin
807 1096 870 1182 Qui
879 1107 995 1185 patres,
1010 1092 1061 1184 qui
1074 1090 1199 1180 consol·

151 1198 211 1289 pn.
226 1221 261 1286 p.
275 1219 352 1282 414.
385 1198 494 1265 Livius
509 1200 554 1267 II.
573 1219 602 1265 1.
626 1188 821 1286 Interpretes
844 1198 886 1264 sd
905 1195 1055 1264 Taciturn
1074 1192 1198 1261 Annal.

154 1301 218 1368 XI.
236 1319 254 1368 s
255 1321 289 1388 5.
330 1303 389 1367 Pro
403 1300 602 1391 ἐπιγραφέντας
619 1325 684 1369 non
699 1302 742 1367 est
757 1299 952 1390 negligenda
965 1298 1063 1365 lectio
1077 1295 1200 1363 codicis

154 1404 275 1476 Veneti
283 1403 533 1493 'lusyyqaplsrass
556 1420 591 1472 et
603 1407 695 1471 Mez.
709 1403 883 1487 'Propositus
896 1421 956 1491 pro
966 1399 1162 1484 'Poonavlnn

199 1512 274 1596 278.
290 1511 335 1576 D.
350 1508 412 1598 8.]
436 1512 531 1594 dopna
544 1510 665 1578 AEdem
680 1510 846 1600 fignificat.
873 1506 1023 1574 llerculis
1037 1522 1071 1572 et
1085 1504 1198 1572 Musa·

155 1635 228 1680 rum
255 1614 387 1695 AEdem,
411 1613 557 1701 illiusque
580 1635 763 1702 cognomen
786 1611 967 1700 Musagetae
994 1608 1067 1689 satis
1091 1606 1201 1674 decla·

155 1729 268 1780 rarunt
289 1715 533 1802 Antiquitatum
548 1718 586 1780 R.
601 1714 794 1802 interpretes
809 1739 838 1780 v.
852 1736 884 1779 c.
916 1712 1049 1779 Rofinus
1068 1730 1103 1796 p.
1124 1710 1200 1789 160,

156 1818 232 1905 283.
264 1816 449 1884 Evandrum
474 1816 573 1884 Italos
597 1816 706 1883 literas
729 1816 869 1883 docuilse
894 1827 986 1882 vetus
1008 1813 1095 1881 fama
1116 1811 1200 1878 suits

154 1917 266 1986 Livius
281 1918 308 1984 I.
325 1933 356 2003 7.
394 1916 546 1985 Aurelius
561 1918 675 1986 Vidior
688 1919 730 1985 0.
747 1919 790 1984 G.
808 1919 845 1984 R.
861 1919 904 1982 V.
934 1915 1019 1982 alia
1037 1914 1079 1980 dc
1096 1935 1136 1978 eo
1150 1911 1200 1978 lc-

154 2035 275 2109 gsntur
289 2020 322 2086 in
338 2020 460 2110 Heynii
476 2020 618 2092 Excursn
633 2019 718 2086 Led
733 2018 864 2087 AEneid.
878 2019 976 2086 VIII.
1015 2018 1068 2084 Dc
1082 2013 1202 2101 Spurio

155 2121 312 2201 Carvilio,
326 2122 432 2208 supra,
447 2121 495 2187 ιδ’.
764 2155 766 2159 -

200 2225 275 2310 278.
290 2227 329 2290 E.
344 2223 396 2312 Εἴ]
416 2223 569 2291 Aurelius
583 2217 707 2291 Victor.
725 2223 819 2313 Orig.
832 2225 876 2290 G.
887 2224 1001 2291 R.VI:
1026 2221 1203 2310 Corycosto

155 2326 253 2416 igitar
266 2351 335 2406 ara,
349 2327 568 2416 profanamque
581 2327 666 2415 apud
674 2350 738 2393 earn
750 2326 873 2404 decimo,
883 2325 1066 2404 Rscarasac,
1078 2347 1110 2388 ιο
1122 2323 1204 2411 qnod

66 2487 73 2503 ,
157 2428 324 2496 Carnuntas
342 2428 486 2506 invitata.
507 2428 551 2493 ad
569 2428 604 2492 id
612 2431 735 2513 sonans
749 2453 805 2494 aon
818 2428 970 2516 adsus'fflt,
981 2426 1090 2515 sanxit
1104 2450 1141 2490 ne
1155 2425 1203 2490 cui
1240 2456 1242 2461 ·

62 2516 68 2527 ¹
144 2530 276 2620 fiminae
284 2529 344 2619 fas
364 2531 430 2619 effi!
449 2529 644 2615 basciasco,
666 2532 745 2619 quod
762 2530 855 2596 cidem
875 2555 939 2595 ara
948 2531 1104 2618 sacratum
1121 2528 1201 2614 affst,

156 2647 247 2724 atque
269 2634 308 2698 ab
331 2657 365 2699 ια
385 2657 417 2696 ιι
435 2632 543 2698 divina
553 2631 682 2720 femina
702 2634 734 2698 in
754 2646 842 2699 toturn
864 2646 991 2698 remota.
1037 2629 1153 2696 PInuril
1168 2642 1204 2697 et

158 2736 280 2819 Potitii,
303 2736 456 2803 celebrati
478 2737 569 2803 Livio
592 2739 619 2803 1.
643 2754 675 2822 7.
711 2737 865 2827 Dionylio
881 2737 960 2803 Hal.
980 2738 1023 2804 A.
1044 2739 1084 2803 R.
1103 2737 1131 2802 l.
1145 2756 1203 2819 40.

156 2840 268 2909 Servio
282 2841 323 2908 ad
340 2842 417 2908 AEn.
434 2840 530 2906 VIII.
544 2842 619 2927 269.
648 2842 738 2908 Festo
751 2840 783 2907 in
794 2844 879 2909 Voc.
891 2841 1046 2905 Potitium.
1069 2841 1204 2906 Macro·

157 2944 213 3012 bio
227 2946 297 3011 Sat.
312 2944 377 3010 lII.
393 2944 425 3009 6.
442 2942 498 3031 qui
520 2943 561 3009 ad
584 2939 667 3011 hanc
689 2944 908 3034 Quaestionem
924 2942 1119 3032 pertinentia
1130 2956 1203 3010 tra·

157 3045 209 3112 dit
223 3047 250 3112 l.
270 3066 309 3111 12
321 3043 508 3123 3-malieres
517 3045 548 3109 in
559 3046 653 3110 Italia
657 3049 746 3133 sacro
759 3046 899 3113 Herodis
912 3070 968 3112 non
980 3044 1046 3109 licet
1055 3044 1203 3132 lntuaſj15

158 3149 230 3240 quia
243 3146 378 3226 Herculi,
394 3171 456 3212 cum
472 3146 557 3212 hvon
573 3148 711 3234 Geryonis
722 3154 777 3238 per
790 3173 876 3236 agros
889 3148 995 3214 Italiae
1005 3149 1205 3234 ducaretſsti·

157 3251 218 3316 arcti
232 3250 375 3337 respondit
388 3248 491 3314 mulier
503 3253 655 3339 aquomst
668 3276 723 3315 non
735 3254 809 3341 ροβε
819 3251 970 3344 praestare,
982 3250 1201 3340 qnodsarns'na·

158 3377 224 3419 runs
239 3353 317 3418 Dea
331 3351 521 3417 celebraretur
534 3352 606 3431 dies,
621 3378 671 3418 nac
684 3379 719 3419 aa
733 3378 762 3420 eo
775 3367 924 3444 apparatu
937 3355 1012 3421 viris
1022 3352 1204 3442 gustarefns

158 3453 236 3544 afflt.
264 3455 389 3540 Propter
399 3454 477 3544 quod
486 3453 626 3521 Herculas
627 3454 770 3544 sathanas
774 3458 896 3543 saonam
906 3455 1059 3543 detestatus
1070 3453 1109 3542 ιβ
1117 3472 1204 3545 pra·

147 3557 279 3646 sentiam
292 3554 491 3643 seminarum,
511 3569 540 3621 et
560 3558 669 3624 Potitio
687 3583 723 3623 ac
743 3559 866 3624 Pinario
877 3562 1029 3646 sannorum
1045 3557 1205 3645 nsstods'bns

147 3658 237 3750 jnffit
254 3684 290 3725 ne
304 3657 451 3723 mulierem
473 3658 601 3747 ιἰιιιιιβι
610 3661 752 3745 stnerent.
796 3661 958 3748 Dejanirae
976 3662 1098 3742 tunica,
1115 3664 1203 3726 Her·
1257 3645 1261 3653 ⁵

158 3760 225 3826 culi
238 3759 335 3827 letale
347 3759 483 3838 donum,
499 3775 577 3826 nota
591 3781 630 3827 ex
644 3762 817 3849 Sophoclis
830 3762 1012 3829 Trachiniis
1026 3775 1061 3828 et
1073 3761 1202 3829 Ouidio.

203 3863 279 3948 278.
294 3864 331 3928 F.
344 3861 417 3949 inst]
443 3862 575 3929 Numen
599 3864 736 3930 tutelnre
751 3865 862 3931 Romae
875 3865 989 3945 Urbis,
1005 3864 1094 3954 quod
1108 3864 1202 3931 inds-

158 3987 237 4053 gnrc
256 3987 294 4032 ac
314 3964 526 4052 pronunciare
542 3967 633 4033 nefas
647 3982 726 4045 erat,
742 3968 922 4050 habebatur
934 3971 1008 4036 Dea
1020 3970 1182 4057 Angerona
1193 3989 1208 4034 ε’

159 4067 201 4134 do
217 4091 282 4157 qua
300 4069 428 4155 copiose
442 4080 549 4136 narrat
571 4072 759 4137 Macrobius
775 4073 845 4138 Sat.
862 4074 923 4139 111.
939 4095 971 4161 9.
986 4072 1204 4140 Adhibendus

160 4173 203 4240 est
228 4185 263 4238 et
285 4171 407 4238 Plinius
434 4175 479 4240 H.
505 4174 551 4240 N.
576 4175 641 4239 111.
663 4197 695 4260 9.
740 4174 862 4242 Valerii
890 4176 1006 4242 Sorani
1033 4176 1146 4242 casum‘
1168 4190 1205 4242 ct

52 4354 69 4363 -
161 4275 324 4342 XXVIII.
348 4295 382 4357 4.
410 4297 449 4341 ex
474 4273 590 4343 Verrio
616 4275 732 4344 Flacco
756 4289 791 4344 et
817 4276 1009 4346 Pontificum
1034 4277 1203 4368 disciplina
