2714 4770
227 354 283 412 124
374 338 414 397 u.
436 338 483 397 w.
502 338 699 399 mussuv.
720 339 766 398 1N
787 339 1022 400 munimur
1042 340 1122 398 1113.

216 496 317 585 pincil
339 508 368 562 et
390 497 598 562 Alexandrum
621 497 774 586 Alagnun
784 497 910 585 fulmen
932 510 1073 563 tenentem
1094 499 1128 562 in
1151 496 1258 586 templo

223 597 358 685 Epleſsae
376 599 504 679 Diana,
523 599 636 687 viginti
656 599 797 664 talentis.-
820 601 872 665 Fr.
886 599 1001 666 lunius
1017 599 1177 686 Catologo
1190 599 1256 665 Ar·

222 699 344 765 tificum
359 722 392 789 p.
402 720 456 770 20.

263 817 339 890 335.
355 804 394 868 Β.
416 803 618 889 Λυσίπου-]
644 802 833 869 Plutarchus
854 803 923 869 Vit.
946 803 1041 869 Alex.
1065 826 1098 891 p.
1117 805 1193 869 666.
1214 804 1255 868 A.

221 903 396 971 Alexandri
414 903 541 991 ἔγκλισις
559 911 607 969 τοῦ
626 904 771 992 τραχήλου
793 917 905 970 notata
918 926 951 992 p.
965 925 1017 992 53.
1037 903 1079 970 C.
1116 906 1256 972 'l’zetzes

74 1043 79 1047 η
222 1004 362 1073 cunno.
377 1007 438 1071 x1.
450 1007 525 1092 ³⁶8·

261 1124 337 1196 335.
352 1110 391 1174 B.
407 1110 592 1194 Αὐδασοῡπι]
616 1110 674 1176 Or.
690 1110 718 1174 1.
733 1132 767 1197 p.
781 1129 857 1196 331.
871 1110 913 1175 A.

261 1225 338 1298 335.
353 1211 392 1275 Β.
407 1209 487 1294 po'vos
498 1210 656 1296 Λύσιππον]
681 1211 720 1277 Id
734 1211 894 1299 est‚solunt
908 1211 1256 1300 Lyfipponstnlnosfo·

219 1338 292 1380 sere.
336 1313 421 1377 Nam
444 1311 529 1378 idem
550 1313 714 1401 proprium
737 1337 855 1380 munus
877 1314 908 1379 in
932 1314 1056 1401 pilium
1076 1314 1200 1402 Apelli,
1222 1329 1257 1381 et

218 1416 252 1482 in
273 1413 436 1502 sculpture
455 1414 618 1502 Pyrgotcli
638 1415 764 1496 tribuit,
780 1431 818 1481 ut
833 1417 876 1480 est
890 1415 977 1502 apud
993 1416 1131 1482 Plinium
1147 1418 1194 1481 H.
1210 1418 1257 1481 N.

218 1520 297 1585 Vll.
319 1519 378 1584 28:
409 1518 491 1581 Idem
517 1518 564 1582 hic
588 1518 746 1607 imperator
771 1518 876 1598 edlell,
897 1542 935 1582 ne
959 1519 1025 1608 quis
1048 1519 1142 1607 ipsunt
1166 1517 1256 1598 aliter,

218 1644 311 1710 quom.
330 1617 464 1709 Apelles,
482 1618 638 1707 pingeret:
665 1645 756 1709 quarn
778 1619 963 1709 Pyrgoteles,
975 1619 1144 1708 sculperet:
1166 1645 1259 1709 quant

218 1723 361 1811 Iyfippus
375 1745 412 1786 en
424 1744 486 1785 aere
499 1722 633 1785 decret:
656 1722 840 1788 conferatur
854 1721 894 1787 de
909 1722 1014 1808 priore
1028 1722 1206 1788 XXXVII.
1221 1742 1255 1805 4.

218 1825 267 1892 At
280 1824 347 1890 duo
360 1821 507 1911 postremi
521 1822 729 1888 nominantur
743 1822 800 1888 soli
812 1825 854 1889 ab
867 1824 956 1891 aliis:
980 1822 1081 1889 veluti
1098 1823 1256 1890 Cicerone

82 1957 89 1967 ’
219 1931 283 2016 Ep.
297 1926 372 1993 Div.
386 1927 430 1992 V.
447 1944 508 1994 122
531 1924 787 1990 Alexander-oh
804 1925 913 2015 Apelle
927 1924 1103 2015 pollffinmns
1116 1926 1215 2014 pingi,
1229 1938 1257 1990 el

218 2029 379 2117 odyfippo
388 2026 476 2116 fingi
492 2025 621 2092 volebat.
664 2027 804 2093 Horatio
820 2029 880 2115 Ep.
899 2029 945 2093 11.
961 2047 991 2114 1,
1008 2029 1191 2114 239-idens
1204 2053 1258 2093 rex

104 2174 109 2185 ·
219 2129 423 2194 illo-Edicto
440 2127 536 2194 veluit
554 2153 591 2193 ne
612 2129 679 2217 quis
689 2129 728 2215 se
744 2140 857 2217 praeler
877 2128 1013 2217 Apellen
1034 2129 1189 2216 Pingerel,
1203 2141 1259 2194 ont

218 2232 298 2297 alites
312 2231 436 2319 Iystppo
452 2232 569 2295 duone!
588 2254 667 2309 aera,
682 2231 779 2294 Fortis
791 2231 961 2296 Alexandri
975 2230 1096 2296 vultum
1102 2230 1258 2318 simulen-

217 2334 273 2400 tia.
307 2331 455 2400 Valerius
477 2333 568 2396 Max.
592 2333 687 2397 v111.
711 2351 762 2396 11.
789 2334 911 2399 Exeo.
950 2333 1116 2398 Himerius
1138 2332 1254 2420 Eclog.

218 2437 364 2504 XXXII.
380 2456 414 2519 p.
428 2434 501 2500 288.
516 2432 595 2498 edit.
609 2433 809 2499 Wernsdorf.
849 2436 896 2499 At
911 2434 1102 2500 Plutarchus
1118 2446 1256 2522 utroque

217 2537 292 2605 loco
306 2535 409 2601 solum
425 2535 596 2622 Lysippum
611 2533 705 2598 dicit:
722 2534 800 2600 item
814 2536 970 2600 Arrianus
986 2538 1013 2600 1.
1030 2538 1080 2616 16,
1092 2552 1123 2621 7.
1139 2558 1255 2622 quam·

216 2662 313 2731 quam
328 2639 356 2702 is
370 2635 500 2724 quidem
515 2659 578 2701 non
595 2635 650 2714 itu,
665 2650 704 2701 ut
716 2635 798 2703 duos
818 2637 959 2724 reliquos
978 2638 1148 2704 excludere
1162 2637 1254 2704 volu·

216 2744 270 2810 ilie
292 2740 455 2819 videatu13
477 2740 498 2803 fi
521 2738 650 2826 quidem
673 2739 728 2827 ipfi
749 2763 813 2806 non
832 2740 886 2805 nifi
901 2740 942 2806 de
957 2742 1065 2807 statuis
1080 2741 1255 2807 dicendum

217 2859 298 2913 erat.
342 2842 441 2932 Quod
460 2840 523 2907 hoc
537 2841 610 2906 loco
624 2841 743 2907 dicitur
756 2841 826 2921 ἦθος,
842 2843 961 2907 Plinius
976 2845 1117 2910 XXXV.
1131 2845 1187 2930 36,
1203 2864 1256 2929 19.

170 2997 172 3001 -
217 2950 259 3016 de
273 2945 397 3034 Apellis
411 2943 527 3031 aequnli
539 2942 675 3010 Aristide
686 2944 842 3034 Thebano
856 2971 864 3010 ε
888 2945 913 3009 is
927 2946 1052 3009 ennium
1062 2946 1177 3035 prinus
1191 2948 1257 3011 oni·

218 3073 298 3115 nsum
309 3047 419 3136 pinxit,
435 3046 572 3132 elsensur
585 3046 709 3110 bominis
723 3045 867 3133 expneffll‚
880 3070 950 3134 quae
960 3059 1067 3112 vocant
1083 3046 1185 3112 Graeci
1199 3048 1255 3127 ἤθη·
1316 3099 1320 3107 .

216 3166 251 3226 et
264 3150 341 3216 ibid.
358 3168 389 3216 n.
404 3146 543 3234 appellat
556 3171 658 3212 nores.
698 3148 881 3234 Xenophon
896 3150 1001 3213 Mem.
1017 3151 1108 3214 Socr.
1124 3151 1255 3230 111.10‚
1292 3146 1299 3156 ’

213 3273 248 3340 3.
272 3250 329 3330 ἦθος
349 3248 440 3328 dicit,
460 3248 547 3335 quod
570 3249 684 3335 piliori
702 3248 946 3335 exprimendum
969 3251 1030 3316 effe
1048 3251 1253 3316 dubitantem

211 3353 413 3422 Pnrrhafium
440 3351 537 3418 docet
568 3353 726 3433 Socrates,
749 3351 842 3439 cujus
869 3352 1044 3440 disputatio
1071 3354 1257 3420 conferatur

216 3480 291 3527 cum
307 3455 414 3520 Dione
431 3453 547 3541 Chrys.
563 3455 620 3520 Or.
635 3455 714 3518 XII.
730 3476 763 3541 p.
779 3472 853 3522 211.
868 3455 906 3519 B.
926 3454 1026 3541 igitur
1041 3455 1074 3519 in
1090 3455 1183 3520 vultu
1197 3478 1255 3521 cx·

100 3615 101 3618 ,
217 3559 354 3649 prelium
364 3563 536 3644 χαρακτῆρα
549 3556 717 3622 deeruntz
739 3568 777 3622 ut
791 3556 977 3623 monuimus
991 3556 1076 3622 Bibl.
1092 3557 1173 3624 Crit.
1189 3559 1254 3639 III,

217 3664 246 3728 l.
258 3684 292 3749 p.
305 3662 356 3726 16.
373 3659 414 3725 sd
429 3659 590 3725 Plutarchi
604 3661 723 3748 Quaest.
741 3659 820 3725 Plnt.
834 3662 861 3725 I.
874 3683 907 3748 p.
919 3681 994 3747 999.
1007 3662 1047 3724 E.
1063 3672 1097 3724 et
1111 3659 1190 3724 alias
1203 3659 1256 3724 di·

217 3765 330 3830 sertius
344 3761 560 3827 monebimus.

258 3882 334 3952 335.
351 3864 392 3930 C.
414 3862 668 3950 Srncsxplrnffl
693 3862 824 3930 Brevius
845 3886 913 3928 rem
936 3878 1042 3928 narrat
1063 3862 1255 3929 Plutarchus

216 3967 250 4032 in
266 3965 450 4030 Alexandro
462 3987 495 4052 p.
511 3982 585 4050 705.
603 3965 640 4030 B.
655 3978 689 4029 et
706 3966 821 4031 Strabo
836 3967 928 4030 XIV.
945 3987 978 4052 p.
994 3982 1069 4053 949.
1087 3964 1127 4029 C.
1165 3965 1256 4030 Chei-

216 4078 355 4131 rocrotem
377 4066 590 4153 eumdemque
611 4065 815 4131 Alexandriae
831 4067 864 4131 in
880 4067 1026 4155 AEgypto
1040 4065 1254 4153 architelium

214 4169 338 4236 dicens.
377 4167 481 4254 Atqui
495 4167 522 4233 is
536 4169 729 4255 Deinoerates
749 4168 831 4234 fuit:
856 4168 948 4256 cujus
970 4192 1088 4235 nomen
1109 4169 1202 4256 ponit
1219 4168 1254 4234 in

213 4272 275 4338 hnc
297 4270 375 4338 item
396 4291 432 4337 rc
452 4270 520 4337 fuse
538 4268 691 4336 narrando
711 4270 878 4354 Vitruvius
895 4271 970 4349 Lib.
994 4274 1039 4338 11.
1072 4272 1199 4338 Praefat.
1217 4293 1251 4360 p.
