2714 4770
242 155 279 247 0
494 243 498 250 ,

211 283 291 410 3αι
604 328 864 390 rauranum.

210 511 304 579 pene
323 489 450 556 nullum
469 487 556 576 diem
574 487 616 556 de
629 487 779 554 manibus
793 509 961 576 ponerem,
974 508 1081 578 neque
1093 500 1190 557 meae
1203 505 1265 554 cn·

212 592 315 680 piolae
334 613 454 678 augere
474 588 663 673 desisterem,
680 589 835 678 quicquid
856 604 915 656 aut
935 589 1001 677 ipsc
1015 587 1265 677 excogitassem,

209 709 269 762 aut
289 694 427 761 aliorum
449 693 640 781 scriptorum
657 692 798 761 lectione
811 691 1006 780 reperissem,
1019 691 1267 759 annotandoct

210 798 244 864 in
266 818 374 864 meam
395 818 466 862 rem
487 795 697 865 conserendo.
740 799 816 863 Hoc
838 809 986 884 tempore
1003 817 1081 863 cum
1094 797 1141 863 V.
1158 793 1217 862 el.
1229 797 1265 862 J.

209 903 262 968 M.
277 899 524 985 Haffenkamp„
538 900 580 965 ab
592 898 727 966 ineunte
741 911 838 966 retate
852 898 1004 964 amicitia
1017 899 1174 966 suavitate
1188 921 1264 966 me·

209 1026 288 1072 cum
301 1001 507 1092 conjundius,
523 1014 647 1069 etcum
663 1002 805 1069 maxime
819 1001 952 1069 llintelii
968 1000 1152 1070 Orientalce
1167 1001 1264 1070 litte·

210 1109 262 1179 rai
284 1130 404 1194 magna
425 1104 520 1172 laude
539 1119 573 1172 et
590 1105 712 1171 docens
730 1118 766 1171 et
779 1104 904 1192 scriptis
919 1103 1123 1171 illustranrc'
1114 1127 1143 1170 n
1157 1104 1266 1193 igitur

210 1234 288 1279 eum
310 1209 463 1276 cultiores
484 1210 622 1296 Europae
642 1207 789 1274 lustraret
810 1206 971 1295 regiones,
993 1227 1105 1274 meum
1125 1228 1266 1297 quoque

112 1381 115 1387 ,
211 1312 351 1380 studium
370 1311 505 1399 adjuvit,
525 1312 672 1399 mifitque
692 1311 735 1378 ed
756 1333 810 1377 me
828 1311 929 1377 variae
949 1309 1106 1378 lectiones
1123 1310 1265 1379 Codicis

210 1414 390 1495 Harleiani,
408 1413 620 1502 gratilfimum
640 1416 749 1503 δῶρον’
738 1441 771 1480 εκ
785 1419 911 1480 Μοισᾶν.
956 1412 1113 1480 Consului
1124 1435 1267 1502 quoquo

211 1519 284 1587 cet
300 1516 416 1584 Reilkii
431 1515 739 1598 Animadversionee,
753 1517 871 1605 quibua
892 1538 970 1603 cum
986 1516 1028 1584 de
1047 1515 1119 1584 aliie
1133 1515 1266 1585 Greci·

209 1620 431 1708 scriptoribus,
456 1633 528 1686 tum
555 1620 610 1686 de·
626 1620 799 1689 Plutarcho
825 1620 958 1709 egregie
982 1618 1118 1687 meritrn
1143 1619 1202 1701 est,
1228 1631 1265 1688 ct

210 1723 405 1791 utilissimam
419 1723 454 1793 in
468 1722 681 1791 emaculando
695 1725 801 1791 uoshn
812 1722 925 1790 libello
938 1744 1072 1810 operam
1085 1722 1129 1789 ab
1142 1744 1187 1789 eo
1200 1743 1264 1789 nn·

210 1839 318 1895 ratam
339 1826 401 1892 effe
422 1825 622 1914 deprehendi
629 1851 641 1907 3
663 1826 816 1916 pleraque
841 1827 892 1893 vel
915 1838 1069 1914 corrupta
1092 1824 1265 1915 ingeniose

210 1929 342 2018 corrigi,
356 1928 406 1995 vel
423 1951 496 2018 quae
515 1929 557 1995 ad
572 1952 681 1997 rerum
694 1930 855 2018 gelianum
871 1928 968 1997 fidem
983 1928 1151 2017 pertinent
1165 1928 1265 1996 do&

171 2056 179 2068 ’
210 2033 349 2113 moneri,
369 2031 432 2114 vel,
455 2045 494 2100 ut
514 2033 562 2114 fit,
578 2033 693 2122 saepiue
714 2056 845 2100 mecum
866 2033 900 2099 in
920 2033 1058 2109 eandem
1077 2031 1265 2120 explimnth

210 2135 472 2222 emendandique
483 2134 565 2201 viam
581 2136 720 2223 ingredi.
753 2136 875 2202 Adhuc
889 2135 961 2202 haec
976 2147 1081 2216 erant,
1094 2155 1176 2201 curn
1186 2157 1267 2202 ecee

211 2261 313 2305 novus
338 2237 408 2303 dies
430 2259 514 2303 nova
535 2237 648 2304 attulit
668 2238 820 2305 subsidia!
834 2238 1020 2305 -Eteuim
1044 2239 1087 2305 ab
1108 2260 1152 2304 eo
1176 2252 1265 2306 tem·

209 2362 301 2427 pore,
324 2362 391 2428 quo
413 2340 455 2406 ud
479 2340 686 2407 humaniores
708 2340 832 2408 litterae
852 2340 1000 2409 animum
1022 2340 1149 2430 appuli,
1172 2341 1266 2408 nulla

211 2440 294 2507 mihi
311 2441 438 2507 beatior
454 2443 547 2531 regio
560 2442 729 2508 videbatur
742 2444 886 2524 Batavia,
900 2445 990 2533 quod
1001 2444 1036 2509 in
1051 2467 1092 2510 ea
1105 2466 1190 2511 mere
1203 2443 1264 2510 de·

210 2543 294 2609 liciae
309 2545 471 2625 florerent,
487 2544 681 2624 colerentur,
697 2559 732 2610 et
745 2559 818 2611 tuta
833 2547 1070 2634 tranquillaque
1092 2568 1176 2633 pace
1192 2546 1264 2612 fiu-

209 2660 352 2713 erentur.
387 2647 424 2712 ln
440 2669 539 2734 quam
554 2646 807 2728 cumintuebar,
822 2648 961 2714 maxime
973 2647 1055 2713 mihi
1067 2648 1266 2715 occurrebat

208 2759 245 2819 et
261 2749 346 2836 quai
366 2749 497 2816 lucebat
518 2749 631 2830 Leida,
647 2750 680 2814 in
700 2772 765 2836 qua
785 2752 909 2817 Graecae
929 2750 1119 2836 latineque
1142 2751 1265 2830 Musa,

211 2853 280 2940 post
300 2867 427 2919 renatae
451 2853 587 2932 litteras,
610 2852 697 2918 sedes
719 2854 987 2941 domiciliumque
1007 2853 1267 2932 collocaverunt,

210 2947 309 3023 etex
335 2978 375 3022 eo
402 2970 549 3044 tempore
573 2979 739 3044 nunquam
763 2980 829 3021 non
855 2957 1054 3022 summorum
1076 2957 1268 3024 Doctorum

210 3059 327 3125 scholis
349 3059 519 3125 celebrata
541 3059 627 3137 sunt,
644 3076 678 3125 et
694 3054 796 3125 nostra
811 3074 907 3125 aetate
921 3059 1082 3147 principes
1097 3082 1139 3125 ex
1154 3063 1266 3127 Hem-

212 3160 352 3226 sterhufii
373 3161 543 3247 disciplina
560 3161 618 3225 viri
639 3162 806 3249 antiquam
828 3162 967 3249 gloriam
990 3175 1137 3242 tuentur,
1164 3164 1268 3231 Valc-

211 3262 364 3328 kenarius
385 3277 420 3328 et
442 3263 668 3329 Ruhnkeniun.
716 3265 792 3329 Huc
807 3264 919 3352 itaque
933 3264 1015 3330 mihi
1036 3265 1185 3331 eundum
1202 3289 1268 3355 pu·

210 3364 287 3445 tavi,
303 3377 341 3429 nt
355 3378 389 3430 et
403 3379 543 3429 veterem
560 3365 748 3451 sapientiam
758 3368 799 3431 ab
811 3367 879 3453 ipso
894 3367 984 3432 sonte
999 3367 1176 3449 haurirem,
1194 3385 1233 3437 et
1246 3372 1268 3436 fi

207 3467 291 3556 quid
306 3490 380 3534 meo
396 3468 499 3533 studio
515 3469 647 3534 Criticae
668 3470 834 3537 facultatis
854 3471 1011 3537 assecutus
1025 3471 1134 3552 essem,
1151 3471 1187 3537 id
1203 3472 1270 3541 ho-
1294 3548 1297 3555 ⁴

210 3593 284 3637 rum
295 3570 539 3637 duumvirorum
555 3572 634 3637 lima
645 3587 816 3639 acueretur
829 3587 928 3661 atque
943 3572 1151 3660 expoliretur.
1186 3576 1271 3664 Quo

209 3697 287 3740 cum
297 3673 459 3754 venissem,
475 3698 632 3763 magnum
648 3677 794 3763 profesto
804 3699 886 3742 meae
900 3700 1007 3764 operte
1018 3677 1165 3742 fructum
1177 3679 1270 3768 cepi.

210 3776 268 3843 Nil
292 3777 400 3842 dicam
423 3778 464 3842 de
487 3778 614 3866 infigni,
635 3802 701 3867 qua
722 3802 775 3844 me
799 3792 1010 3867 exceperunt,
1032 3780 1269 3850 humanitatnz

87 3894 90 3899 ·
211 3878 255 3944 nil
271 3879 312 3944 de
331 3903 420 3960 cura,
435 3904 501 3968 qua
516 3904 607 3946 meos
621 3882 655 3946 in
677 3882 728 3948 his
747 3882 864 3949 litteris
885 3884 1050 3970 prosedtus
1067 3882 1272 3970 adjuverunt

210 3983 440 4069 precipiendo,
462 3985 639 4066 monendo,
661 3987 825 4052 cavendo:
850 3987 895 4052 nil
918 3988 959 4053 de
972 3987 1055 4066 aliie,
1069 4010 1146 4074 quoe
1161 3988 1199 4054 in
1213 4012 1272 4056 me

208 4085 431 4164 contulerunt,
448 4088 630 4168 beneficiis3
655 4089 760 4153 dicam
775 4089 815 4153 de
832 4090 1016 4168 Plutarcho,
1035 4090 1068 4153 in
1087 4113 1191 4176 quem
1209 4112 1269 4156 ea-

209 4187 285 4254 dem
304 4189 527 4255 benivolentiae
542 4191 732 4257 redundavit
747 4191 894 4257 ubertas.
938 4193 1067 4258 Etenim
1086 4191 1161 4256 Viri
1172 4192 1270 4259 surn-

211 4291 269 4374 mi,
294 4293 534 4380 quamprimum
557 4294 604 4360 eis
628 4317 738 4361 meum
761 4296 925 4362 consrlium
951 4293 1154 4382 aperuissem,
1179 4295 1271 4365 illud
