2714 4770
224 343 282 422 ιφ
613 340 876 404 canaram.

209 513 351 583 cerunt,
369 523 445 568 eutn
464 500 521 587 qui
536 514 577 566 e'x
598 503 759 569 veteribus
776 525 879 569 unum
899 499 1023 591 legisset
1045 480 1284 580 Plutarchum,

127 663 130 667 .
224 605 279 672 sed
300 606 442 695 cogitate
460 605 682 695 meditateque
701 605 836 695 legisset,
851 617 977 672 tantam
990 627 1099 670 rerum
1115 605 1283 692 praesian·

224 708 411 774 titiimarum
431 707 653 798 cognitionem
675 721 785 775 mente
803 706 1089 795 comprehendisse,
1104 719 1145 774 ut
1162 701 1286 772 omni·

225 832 281 876 um
296 810 449 875 consensu
464 809 605 877 hominia
620 809 738 876 eruditi
754 824 875 876 nomen
889 810 973 876 tueri
987 809 1090 897 potiit.

269 911 331 978 Hir
351 899 515 978 Plutarchi
534 911 686 979 laudibus
706 935 782 979 cum
796 912 838 979 ab
852 910 985 979 ineunte
1004 925 1100 978 aetate
1113 909 1200 976 mihi
1217 931 1285 975 au·

224 1035 274 1079 res
294 1016 511 1103 personarent,
527 1015 653 1082 contuli
669 1038 722 1082 me
743 1016 784 1081 ad
803 1015 872 1105 ejus
888 1015 1075 1095 lebtionem,
1089 1035 1191 1103 quam
1208 1012 1286 1101 pri·

225 1135 318 1182 mum
344 1139 385 1184 oo
406 1117 551 1205 perveni,
573 1131 612 1186 ut
635 1108 703 1208 ipse
723 1118 845 1207 aliquid
866 1118 908 1185 de
931 1118 983 1184 hia
1006 1116 1107 1216 literis
1122 1115 1287 1204 judicare
1313 1150 1318 1156 ·

224 1219 357 1304 possem.
401 1219 468 1285 Hie
486 1243 562 1286 vero
583 1241 649 1309 quo
668 1221 825 1310 majorem
848 1220 914 1309 ipse
935 1219 1102 1307 capiebam
1121 1216 1286 1304 volupta-

226 1331 306 1401 tem,
321 1344 362 1386 eo
380 1321 486 1410 magia
504 1321 655 1388 dolebam
677 1323 759 1389 adeo
776 1322 886 1411 inique
906 1333 1130 1410 comparatum
1146 1319 1234 1399 effe,
1245 1331 1287 1384 ut

226 1421 371 1511 plerique
385 1422 500 1489 ecdem
512 1424 673 1491 litavitatia
687 1424 796 1492 fruar
811 1440 918 1491 carere
933 1408 1146 1513 cogerentim
1189 1422 1285 1488 (bre

227 1524 393 1592 calamitae
407 1548 448 1592 ex
460 1525 583 1614 duplici
593 1527 796 1617 potissimum
811 1528 906 1594 causa
920 1528 996 1594 oriri
1009 1526 1148 1593 videtur.
1188 1525 1284 1591 (mm
1298 1512 1302 1519 ’

226 1624 314 1695 eninr
333 1627 400 1695 duo
416 1629 476 1696 tnt
494 1628 702 1720 scriptionum
715 1648 836 1720 genera
850 1630 1027 1711 Plutarchi,
1042 1629 1285 1716 alterum-quo

226 1736 421 1821 magnorum
436 1730 579 1799 virorum
591 1733 722 1822 ingenia
734 1734 907 1822 descripsit,
922 1733 1073 1812 alterum,
1083 1746 1153 1820 qno
1164 1729 1282 1818 philo·

226 1832 374 1922 sophica
392 1832 582 1924 questiones
601 1832 764 1918 tractavit,
785 1849 819 1903 et
840 1836 1021 1928 doetrinam
1043 1836 1085 1901 de
1103 1834 1181 1900 vitre
1195 1846 1281 1900 mo·

226 1950 364 2027 tumque
377 1938 502 2006 tatione
515 1936 665 2020 tradiditt
680 1939 745 2007 hoo
759 1939 915 2028 temporit
934 1938 1050 2029 injuria
1063 1950 1173 2004 tantm
1189 1936 1283 2004 tabet

227 2043 487 2134 corruptelasqne
509 2043 659 2134 suscepit,
678 2056 717 2111 ut
738 2064 857 2133 magna
875 2043 944 2132 ejua
963 2064 1039 2132 para
1054 2038 1198 2129 intelligi
1219 2050 1280 2106 rre-‘

227 2151 345 2233 queam
375 2164 516 2235 cumque
542 2146 692 2214 ducentia
717 2158 752 2212 et
773 2146 1011 2235 quinquaginta
1034 2143 1154 2241 abhinc
1183 2142 1282 2208 annia

227 2257 294 2313 hon
318 2246 353 2314 tit
373 2249 512 2329 editum,
524 2249 595 2338 jam
617 2247 684 2314 fere
702 2246 855 2338 ignotum
876 2250 943 2315 lieri
958 2246 1079 2335 coepitr
1102 2245 1187 2311 illud
1202 2262 1280 2312 vero

228 2362 305 2415 ante
328 2349 389 2427 hoa
409 2350 543 2438 triginta
563 2368 666 2416 annot
687 2351 721 2415 in
744 2351 866 2439 Anglia
886 2350 1012 2417 editum
1034 2349 1168 2438 quidem
1193 2349 1239 2415 ea
1260 2371 1282 2414 a

226 2450 322 2515 Mose
342 2449 473 2531 Solano,
492 2451 546 2518 sed
565 2450 729 2540 splendide
741 2452 851 2540 potina
866 2470 966 2542 quam·
978 2451 1160 2518 emendate.
1207 2453 1280 2518 De·

228 2550 305 2618 inde
326 2554 374 2619 vel
397 2556 438 2620 fic
458 2569 634 2644 utrumque
655 2576 759 2645 genua
783 2555 865 2622 adeo
886 2574 993 2622 rarum
1014 2557 1136 2622 tactum
1159 2555 1219 2637 est,
1242 2568 1283 2620 ut

228 2653 392 2742 stepiflime
411 2678 452 2723 ne
473 2658 615 2724 marimo
636 2656 768 2746 quidem
789 2658 894 2746 pretio
915 2670 1131 2746 comparetur.
1179 2656 1282 2723 Unde

229 2756 278 2839 tit,
299 2772 338 2824 ut
361 2756 524 2826 Plutarchi
546 2782 611 2827 non
635 2761 689 2826 nisi
714 2782 832 2826 nomen
856 2761 1016 2841 audiatur,
1032 2760 1104 2826 libri
1117 2759 1192 2848 jam
1211 2759 1282 2825 sere

227 2859 400 2928 hominum
423 2862 573 2929 notitiam
595 2862 764 2952 effugiant,
788 2863 962 2929 laudentur
982 2865 1023 2928 ab
1044 2862 1212 2942 omnibus,
1232 2863 1282 2928 le»

228 2968 350 3053 gantur
363 2984 382 3029 a
395 2964 597 3051 pauciffimis.

181 3076 183 3080 “
272 3067 380 3154 Quam
403 3065 548 3153 injustam
570 3065 687 3131 sortem
707 3089 783 3131 cum
806 3086 934 3131 mecum
954 3066 1109 3146 dolerem,
1123 3066 1281 3157 indigne·

228 3178 292 3256 qtre
313 3167 443 3246 serrem,
463 3168 660 3254 scriptorem,
676 3167 770 3256 cujus
788 3169 967 3256 prestantia
986 3167 1109 3233 nemini
1124 3192 1192 3235 non
1208 3172 1281 3237 affi-

226 3269 294 3336 dua
320 3266 459 3335 ledione
483 3270 616 3357 cognita
642 3271 833 3358 penitusque
852 3271 1015 3358 perspetta
1038 3271 1100 3336 esse
1125 3270 1283 3356 debebat,

229 3387 321 3439 tanta
334 3372 440 3459 premi
455 3374 657 3438 tenebrarum
674 3373 860 3461 iniquitate3
877 3374 1019 3463 cogitare
1034 3390 1165 3440 mecum
1181 3378 1283 3465 coepi,

227 3492 269 3542 atr
290 3477 373 3541 sorte
391 3494 465 3541 mea
482 3496 581 3563 opera
595 3476 636 3541 ad
648 3476 813 3563 pristinum
829 3477 1028 3564 splendorem
1044 3479 1188 3543 revocari
1203 3480 1282 3567 pos-

228 3576 289 3646 sbt.
332 3579 497 3658 Arduum,
528 3579 643 3661 fateor,
671 3602 754 3668 opus
781 3591 816 3645 et
841 3580 987 3646 difficile!
1023 3581 1112 3669 Quid
1134 3584 1281 3670 quaerit?

227 3680 360 3750 Audere
382 3681 588 3772 coepi-Sed
606 3682 802 3772 ingredienti
821 3683 853 3748 in
878 3683 940 3749 hoc
963 3684 1100 3770 spatium
1120 3704 1200 3750 cum
1221 3708 1283 3753 ne-

228 3787 310 3853 beffe
331 3785 492 3852 videretur
512 3784 658 3852 libellum
679 3785 820 3874 aliquem
845 3785 1009 3852 Plutarchi
1024 3786 1123 3852 veluti
1136 3789 1285 3874 γώματος

221 3886 316 3976 ’χάριν
336 3890 444 3971 edere,
464 3889 562 3955 incidi
581 3888 664 3955 forte
679 3888 713 3954 in
728 3887 846 3955 librum
867 3890 918 3953 De
939 3890 1015 3954 Sere
1032 3886 1176 3955 Numinis
1201 3892 1283 3958 Vm-

229 3992 323 4057 aicta.
367 3995 468 4059 Erant
482 3992 614 4082 quidem
630 4006 663 4061 et
677 3991 870 4058 amoeniores
885 3991 959 4056 libri
973 4005 1007 4057 et
1021 3991 1076 4079 qui
1091 3993 1218 4061 criticae
1234 3997 1284 4062 fa·

230 4088 343 4160 tttltati
369 4096 522 4183 majorem
547 4094 731 4183 praeberent
752 4093 943 4160 excurrendi
965 4110 1140 4181 campum3
1168 4114 1286 4166 verum

231 4212 296 4262 non
319 4216 438 4277 meam,
459 4194 513 4261 sed
538 4194 702 4262 Plutarchi
720 4209 754 4262 et
768 4195 904 4262 aliorum
921 4218 988 4261 rem
1004 4197 1056 4262 bic
1071 4197 1126 4285 agi
1140 4201 1288 4269 arbitra·

229 4298 299 4367 bar.
343 4303 428 4367 Nam
447 4300 505 4366 five
518 4313 747 4388 argumentum
764 4301 897 4388 l'pestes,
912 4299 1039 4367 nullum
1056 4301 1164 4388 majus
1177 4306 1292 4394 gravi.
