2714 4770
126 708 479 854 Damams
526 676 1119 850 erTnNnacHn

306 1024 934 1112 ANIMAnvansrotras
996 1119 998 1129 ,

494 1280 534 1330 IN
552 1277 746 1329 truentum

67 1471 74 1487 ’
126 1482 276 1548 FALSO
298 1477 585 1548 PLUTAucffl
601 1476 790 1544 NOMINE
813 1475 1107 1542 INSIGNITUM

395 1715 463 1782 DE
491 1713 840 1780 PARALLELIS.

475 1971 756 2022 ...φ-

95 2184 522 2294 Hmmpmrmnu
532 2227 1127 2315 mmxouauaouauuu]

96 2332 220 2396 Vereor
248 2351 289 2395 ne
315 2328 424 2395 oleum
454 2341 495 2394 et
520 2349 652 2414 operam
685 2325 853 2415 perdidisse
882 2325 998 2405 videar,
1027 2348 1131 2392 anno·

95 2432 270 2498 tationibua
293 2431 327 2496 in
352 2444 420 2496 tam
445 2429 573 2497 futilem
598 2428 744 2496 libellum
765 2428 1017 2509 conscribendis,
1038 2429 1131 2518 cujua

94 2534 231 2600 alterum
256 2532 427 2599 dimidium
448 2531 654 2624 ementitum,
678 2531 817 2597 alterum
841 2531 1066 2619 pervrrlgatum
1089 2533 1131 2599 ab
1163 2616 1166 2622 Ι

95 2636 165 2701 aliie
185 2649 282 2723 atque
296 2633 393 2722 lippia
407 2633 488 2700 adeo
507 2656 545 2699 ac
564 2632 744 2699 tonsoribus
764 2645 878 2699 notum
896 2632 952 2696 est.
996 2632 1132 2721 Singula
1245 2630 1248 2638 '

94 2739 201 2824 capita
213 2737 304 2803 binae
318 2735 441 2801 habent
453 2733 643 2815 historiolae,
655 2735 805 2800 Graecam
819 2747 853 2799 et
867 2736 1063 2801 Romanam:
1082 2735 1130 2802 al·

95 2853 198 2905 teram
213 2837 377 2925 cognitam
391 2848 425 2901 et
436 2835 647 2922 exploratam,
658 2834 805 2900 historica
816 2834 948 2922 quidem
959 2835 1022 2902 lide
1032 2836 1131 2924 vulgo

94 2938 268 3005 creditam:
283 2937 429 3018 alteram,
438 2935 628 3016 inauditam,
638 2934 871 3016 incredibilem,
883 2938 1128 3003 monstruosam:

93 3052 231 3128 utraque
241 3039 451 3127 subscriptum
465 3038 551 3127 gerit
565 3059 685 3104 nomeu
699 3037 795 3117 testis,
806 3036 966 3125 scriptoria
979 3039 1084 3128 ignoti
1097 3053 1132 3106 et

91 3144 230 3210 obscuri.
259 3142 371 3211 Veluti
393 3141 510 3230 Capite
527 3139 576 3222 ιβ.
603 3138 722 3207 Manlii
735 3139 880 3228 capitalis
894 3140 929 3206 in
943 3142 1045 3208 filium
1059 3144 1131 3211 ani·
1227 3133 1231 3149 ‘

93 3246 265 3312 madverlio
295 3244 444 3325 refertur,
473 3245 551 3310 teste
581 3241 715 3329 Arssidc
744 3241 886 3307 Milev:
921 3243 1131 3331 premittitur

92 3346 191 3412 fimile
207 3346 331 3414 factum
352 3343 598 3432 Epaminondae,
616 3344 693 3410 teste
713 3343 895 3431 Ctesiphonte
906 3339 938 3409 iia
953 3345 1030 3410 libro
1045 3349 1130 3415 tertio

92 3446 299 3511 Boeoticorum.
335 3445 460 3511 Siccine
478 3443 633 3535 scripserit
647 3444 847 3524 Plutarchus,
862 3458 919 3510 aut
932 3445 1014 3511 alius
1028 3435 1130 3534 quivit

92 3572 177 3614 unus
199 3571 264 3613 non
284 3547 379 3634 plane
398 3546 529 3628 delirus,
544 3569 605 3613 nec
620 3546 661 3615 ad
678 3569 811 3613 omnem
830 3547 1007 3613 mentiendi
1020 3548 1128 3627 libidi-

91 3672 167 3715 nem
181 3650 319 3715 effulua?
342 3649 446 3716 Mitto
458 3650 595 3716 formam
608 3648 761 3716 orationis
772 3649 899 3737 prorsus
908 3672 929 3714 a
939 3649 1131 3716 Plutarchea

89 3751 258 3833 diversam,
273 3774 348 3818 cmn
362 3751 436 3819 labe
452 3751 701 3841 eompofitionia,
715 3764 786 3818 tum
801 3753 970 3818 verborum
983 3749 1129 3819 sordibus

92 3840 305 3942 inquinatam.
350 3852 441 3921 citat
461 3854 595 3942 quidem
616 3853 778 3921 Plutarchi
800 3853 931 3919 nomine
951 3874 990 3917 ex
1011 3851 1068 3919 illo
1086 3853 1128 3920 li·

91 3957 179 4023 bello
193 3956 304 4023 locum
316 3957 466 4025 Stobaeue
478 3956 542 4023 lit.
557 3957 636 4022 VII.
648 3978 681 4044 p.
694 3975 748 4042 91.
779 3957 930 4020 Graecum
942 3956 1128 4043 exemplum

92 4059 217 4147 Capitis
232 4062 269 4140 13
292 4083 358 4126 uon
379 4059 512 4148 quidem
526 4056 785 4124 Trincavellianae
800 4055 961 4138 editionis,
976 4056 1030 4124 sed
1044 4061 1127 4127 Ges·

91 4161 230 4228 nerianae
248 4175 282 4228 et
299 4161 499 4228 Schowianae
517 4183 551 4248 p.
568 4161 640 4247 198.
656 4181 694 4225 ac
709 4158 867 4247 repetitur
888 4158 920 4225 in
943 4160 1081 4227 Maximi
1093 4176 1129 4229 et

90 4263 415 4332 AntoniiSententiie
429 4262 481 4330 ed.
501 4263 632 4331 Gesner.
649 4261 866 4329 Wecheliana
884 4265 988 4331 Serm.
1003 4264 1126 4330 XLIX.
