2714 4770
304 329 571 410 ounsnou'ss
592 346 771 406 sancus.
791 337 1022 426 p.294.c-1>‚
1141 343 1179 422 ⁶³

150 504 223 582 init.
238 529 271 595 p.
292 524 350 594 197
364 530 373 569 ο
394 504 485 582 Ἔθος·
496 509 553 580 τοῖς
572 504 686 570 πλέουσι
708 506 755 568 καὶ
775 507 936 590 ὁδοιποροῦσι
950 505 1037 590 εὐχὰς
1049 505 1182 567 ποιεῖσθαι

151 609 213 673 καθ’
233 606 268 670 ὧν
284 606 317 672 οἲν
336 608 451 682 ἕκαστος
470 612 568 694 ἐπινοῇ·
590 609 699 685 ποιητὴς
719 606 769 689 μὶν
790 605 835 670 οὖν
855 605 900 684 ἤδη
923 603 979 668 sliri
1000 630 1041 679 τις
1061 604 1181 680 σκώψας

150 710 282 794 ιῦξοισθιιι
305 714 380 774 κατὰ
398 711 561 799 χρυσοκέφον
582 712 746 788 λιβανωτοῦ.
788 708 1010 796 Diogenianus
1033 710 1180 775 Proverb.

150 816 195 878 V.
219 835 280 900 90:
310 818 397 877 Κατὰ
417 816 481 892 βοὸς
502 811 594 901 ‘'W''
616 812 685 890 οἷον,
710 811 790 898 μέγα
814 809 907 897 εὔχου·
937 810 1092 898 interpres
1116 835 1181 877 non

149 916 249 1002 cepit.
292 915 519 1003 Adhibeantur
539 915 635 980 etiam
660 916 808 980 Kulierus
822 925 856 977 et
869 912 1037 1000 Berglerus
1051 912 1092 978 ad
1105 913 1185 979 Ari-2

106 1053 109 1064 ·
150 1016 310 1104 stophanis
333 1016 441 1103 Equit.
464 1017 540 1102 657.
584 1018 623 1082 T.
640 1015 823 1106 Hemlierh.
837 1014 879 1079 ad
893 1012 1027 1079 Lucian.
1047 1015 1086 1079 T.
1106 1012 1134 1078 Ι.
1148 1035 1182 1100 p.

154 1138 228 1205 113.
271 1117 377 1183 Dolus
398 1140 462 1205 quo
484 1116 636 1183 Phemius
656 1109 891 1205 Hyperochum
913 1113 1053 1201 decepit,
1077 1113 1184 1179 fimilis

152 1221 195 1309 est
217 1219 276 1297 illi,
298 1243 363 1307 quo
388 1220 588 1286 Melanthius
612 1220 780 1285 Xanthum
806 1214 967 1308 opprellit,
991 1230 1029 1282 ut
1053 1215 1184 1304 quidem

140 1337 334 1387 narratura
355 1321 505 1411 Polyaeno
528 1324 556 1386 I.
582 1342 633 1410 19.
677 1320 831 1388 Frontino
847 1320 894 1385 II.
913 1334 946 1405 5,
961 1337 1016 1401 41.
1036 1340 1112 1384 nam
1131 1319 1188 1384 alii

151 1424 248 1513 paulo
259 1424 388 1490 diverse.

193 1550 227 1613 p.
244 1546 317 1614 294.
335 1527 375 1591 C.
387 1526 444 1613 ιδί]
464 1527 516 1591 De
528 1525 634 1592 Uliflis
648 1526 716 1613 post
728 1515 899 1611 procorum
914 1521 1037 1589 caedem
1050 1521 1084 1588 iu
1096 1537 1185 1590 exte·

150 1651 202 1696 ras
217 1629 362 1717 regiones
376 1642 410 1694 et
424 1628 553 1694 Italiam
567 1628 667 1714 abitu,
683 1627 777 1694 docte
793 1624 913 1690 disserit
931 1625 1092 1691 Bachetus
1106 1627 1183 1693 Me-

151 1729 287 1797 ziriacus
305 1730 347 1796 ad
363 1729 458 1796 Ovid.
469 1729 570 1821 Epist.
587 1729 720 1796 Heroid.
735 1730 763 1794 1.
783 1750 818 1815 p.
834 1728 889 1818 98,
903 1722 968 1814 seq.
983 1726 1037 1793 cui
1050 1726 1187 1795 addatur

152 1830 312 1923 Canterus
329 1830 371 1896 ad
387 1832 551 1920 Lycophr.
567 1832 641 1917 807.
655 1844 689 1896 et
701 1832 850 1896 Tzetaes.
893 1828 1076 1916 Hesychius
1090 1830 1185 1896 obso-

149 1931 254 1997 letum
283 1954 400 1997 nomen
425 1932 556 1998 exhibet
582 1930 729 2016 Φαγηλός·
761 1929 855 2013 ἀμνός·
885 1927 973 2016 quod
1004 1930 1186 1997 Bochartus
1295 1981 1298 1986 .

151 2034 287 2097 Hieroz.
310 2035 354 2096 Il.
373 2055 407 2120 p.
428 2034 504 2115 428.
525 2033 569 2098 A.
588 2045 627 2097 ut
648 2033 701 2097 hic
720 2031 753 2095 in
777 2030 961 2109 Plutarcho,
980 2029 1098 2116 φάγιλος
1120 2031 1187 2119 legi

151 2135 234 2214 vult,
246 2133 334 2201 haud
349 2135 413 2200 scio
428 2157 469 2200 an
486 2134 581 2200 nimis
595 2134 801 2211 confidenter.
844 2133 965 2199 AEtatis
979 2133 1129 2200 Heroicae
1144 2135 1187 2200 cst

150 2239 192 2320 ip’
208 2238 312 2321 αἵματι
327 2238 445 2323 φεύγειν,
461 2237 565 2301 cadem
579 2236 666 2301 exitio
680 2235 810 2325 expiare,
825 2234 866 2301 de
880 2257 944 2321 quo
957 2257 1047 2300 more
1061 2235 1187 2301 notavi·

150 2362 225 2405 mus
240 2338 281 2404 ad
294 2338 415 2406 Juliani
434 2339 491 2405 Or.
512 2339 540 2402 Ι.
559 2360 593 2425 p.
608 2359 662 2424 39.
679 2338 725 2402 D.
760 2335 914 2404 Biblioth.
931 2336 1014 2402 Crit.
1029 2336 1105 2403 Vol.
1121 2340 1185 2405 III.

152 2442 238 2507 Part.
257 2441 301 2504 ll.
317 2460 351 2526 p.
368 2441 422 2505 60.
453 2437 507 2504 Sic
523 2438 688 2504 Pausanias
703 2439 749 2503 Il.
765 2458 827 2526 292
849 2440 891 2502 tut
904 2437 973 2525 φόνῳ
985 2436 1105 2524 derisere.
1121 2440 1184 2505 Ill.

152 2562 211 2629 13:
234 2543 331 2628 ἔφυγον
344 2542 386 2606 hrt
400 2547 440 2628 τῷ
454 2541 535 2629 φόνῳ.
560 2542 602 2605 V.
621 2561 655 2606 1:
671 2538 975 2628 Αἰτωλῷ-συνίησεν
992 2542 1023 2604 ἐκ
1039 2547 1184 2605 Πελοπον-

149 2645 230 2722 νῆσου
251 2649 358 2729 φυγεῖν,
377 2641 417 2707 ὅτι
438 2644 520 2707 αὐτὸν
537 2632 690 2718 otherus
707 2645 800 2719 παῖδος
816 2645 855 2728 ip’
875 2644 975 2726 αἵματι
989 2641 1112 2729 ἅκουσίιφ
1126 2641 1186 2730 δίκῃ

150 2746 233 2811 sihor.
278 2745 390 2810 Simile
411 2743 572 2810 monitum
595 2745 640 2808 est
661 2743 787 2811 Libanii
808 2745 924 2832 legat.
946 2742 987 2807 ad
1008 2743 1128 2809 Julian.
1151 2767 1185 2832 p.

154 2850 227 2932 165.
242 2847 286 2912 A.
309 2848 408 2913 ritum
422 2846 653 2934 AEgyptiorum
674 2859 767 2911 notat
783 2845 988 2911 Philostratus
1000 2845 1070 2910 Vit.
1084 2845 1186 2932 Apol-

151 2949 219 3014 lon.
241 2951 301 3014 Vl.
321 2971 354 3036 p.
380 2968 452 3034 234.
475 2962 508 3012 et
525 2949 586 3013 Vl.
607 2969 641 3034 p.
660 2967 736 3034 305.
782 2947 820 3039 ln
843 2946 912 3011 foro
933 2943 1039 3032 postea
1060 2949 1187 3034 proprie

151 3051 340 3137 usurpatum
354 3052 393 3130 ἔφ’
408 3048 508 3129 αἵματι
522 3048 642 3133 φιύγιιν,
657 3047 747 3116 caedis
761 3071 842 3112 reum
855 3048 919 3133 affl,
935 3047 1069 3135 accufhri
1081 3048 1187 3114 caedis:

151 3149 193 3215 de
209 3173 273 3238 quo
287 3149 519 3217 Valckenarius
533 3148 575 3214 ad
589 3147 734 3236 Euripid.
751 3146 887 3236 Hippoi.
902 3147 978 3212 vers.
992 3161 1049 3234 35.

194 3272 268 3340 294.
284 3255 327 3318 D.
345 3253 401 3340 rest]
419 3250 643 3317 conferendus
657 3251 839 3317 Eustathius
852 3250 895 3316 ad
910 3249 1003 3315 Iliad.
1014 3256 1052 3315 B.
1063 3273 1097 3337 p.
1111 3267 1187 3337 277,

153 3373 206 3444 15.
229 3357 355 3423 eosdem
377 3356 443 3419 fere
465 3353 610 3418 audiores
629 3352 777 3420 secutus:
801 3353 855 3419 cui
868 3352 1058 3419 adhibeatur
1072 3353 1186 3420 Pausa-

152 3459 221 3524 nias
231 3459 336 3545 X.38.
367 3456 529 3544 Archytas
543 3454 769 3542 Amphiffenfis
779 3455 845 3542 ipse
855 3477 895 3520 ex
905 3456 1082 3520 Locrorum
1095 3456 1184 3521 Ozo·
1288 3502 1290 3506 ψ

151 3557 255 3623 larum
275 3570 385 3646 gente,
406 3558 490 3623 forte
509 3556 595 3622 idem
611 3555 778 3651 habendus
792 3554 847 3642 qui
861 3578 881 3619 a
893 3554 1042 3642 Diogene
1055 3555 1185 3621 Laertio
1297 3601 1302 3610 ·

123 3661 249 3727 ·v111.
278 3662 331 3727 82.
375 3660 537 3748 Archytas
564 3659 834 3749 ἐπιγραμματοποιὸς
864 3669 1063 3736 numeratur,
1091 3655 1186 3743 cujus
1262 3650 1264 3654 ’

152 3760 199 3827 nil
218 3761 391 3828 mentionis
409 3775 467 3827 aut
488 3760 693 3849 reliquiarum
712 3758 908 3847 caeteroquin
925 3759 1042 3824 exstat:
1065 3755 1187 3845 dequo

152 3865 263 3953 paucis
279 3864 452 3952 Menagius
467 3864 593 3930 monuit
607 3865 631 3929 l.
645 3864 668 3928 l.
684 3877 718 3929 et
730 3863 891 3928 Fabricius
906 3862 945 3928 B.
958 3863 1001 3927 G.
1017 3861 1046 3926 Ι.
1061 3882 1095 3947 p.
1107 3863 1184 3949 496.

152 3967 329 4052 Macyniam
343 3964 498 4051 oppidum
512 3953 691 4030 meuiorant
707 3963 826 4030 Plinius
841 3964 887 4027 H.
901 3964 947 4028 N.
963 3963 1021 4027 IV.
1036 3980 1067 4028 2.
1096 3963 1185 4028 Stra·

152 4065 196 4131 bo
210 4067 254 4130 X.
270 4088 303 4152 p.
319 4069 394 4152 692.
411 4069 453 4138 A.
489 4065 672 4152 Stephanus
691 4066 774 4154 Byz.
794 4066 884 4130 Voce
904 4063 1062 4142 Μακύνιιο,
1077 4061 1132 4147 ubi
1151 4076 1186 4129 et

152 4165 378 4232 Berkeliuset
402 4166 586 4233 Holstonius
611 4188 717 4232 veram
742 4165 912 4232 restionem
935 4163 1109 4244 vindicant,
1131 4162 1185 4227 hic

152 4266 251 4332 etiarn
284 4268 446 4335 Plutarchi
477 4268 566 4335 hunc
600 4267 710 4335 locum
742 4267 909 4335 adhibens.
944 4264 1075 4354 Attigit
1102 4285 1184 4351 quo·
