2714 4770
289 325 345 386 DE
366 326 468 386 SERA
487 326 665 388 NUMINIS
686 325 890 386 ercha
914 346 942 406 p.
957 326 1026 403 556.
1042 327 1081 397 D,
1094 328 1130 387 E.
1190 329 1246 405 381

209 485 317 551 Quam
333 509 418 566 vere,
430 486 510 551 nihil
522 486 564 551 ad
578 508 645 551 rem
659 511 667 550 ι
693 487 882 552 Plutarchus
895 498 995 565 certe,
1010 509 1051 551 an
1067 500 1162 552 caute
1176 486 1249 553 satia

153 574 156 581 ⁴
207 587 270 653 hoc
295 604 487 676 argumento
513 603 627 655 contra
650 589 837 677 Epicureos,
856 588 912 677 qui
935 588 1168 676 providentiam
1191 611 1249 654 ne·

206 706 299 778 gant,
321 693 395 757 usus
415 693 463 773 fit,
486 693 550 780 ipse
572 692 802 780 videntem
822 692 911 779 quod
936 692 1021 757 Coll.
1044 693 1173 758 Schott.
1195 695 1248 758 M.
1311 712 1314 719 ·

207 794 284 858 Ald.
300 808 334 860 et
347 797 386 860 T.
402 798 445 862 V.
462 796 499 859 B.
517 797 673 883 prebent,
690 817 764 881 cum
780 795 959 861 orationem
974 811 1049 882 apte
1063 796 1248 875 connectat,

207 897 349 984 recipere
364 921 429 963 non
445 897 601 964 dubitavi.
625 898 711 965 Vols.
728 896 786 984 ἐγὼ
798 898 848 980 μὲν
862 895 879 983 ᾖ
893 898 966 981 θέμις
980 901 1073 961 clunic.

248 1001 325 1086 556.
348 1003 393 1066 D.
415 999 528 1087 Ὧστορ
555 1001 660 1088 ἔφεδρον
687 1000 819 1083 ἀνίστημι
843 1004 891 1077 τὴν
914 1001 1077 1065 τελευταίαν
1102 1000 1247 1086 ἀπορίαι]

207 1104 284 1168 Νοιι
302 1103 427 1169 videtur
447 1102 560 1189 cepiffe
578 1102 735 1190 interpres
753 1103 816 1166 vim
836 1103 921 1167 vocis
943 1102 1058 1190 ἔφεδρος,
1081 1125 1157 1167 cum
1179 1125 1249 1167 ver·

207 1203 247 1268 tit
259 1229 267 1268 r
290 1206 364 1268 Jcm
377 1205 453 1269 enim
466 1229 519 1292 ego
532 1185 670 1269 ultimam
684 1204 902 1284 dubitationem,
914 1230 983 1292 quae
998 1204 1107 1276 exitum
1118 1206 1249 1291 priorum

205 1307 397 1394 questionum
415 1307 594 1371 mediocriter
602 1308 682 1394 sanc
690 1300 861 1393 fhlutarunr
877 1306 1050 1394 praestolata
1068 1321 1115 1386 et,
1136 1309 1169 1372 in
1187 1334 1248 1374 mc·

203 1411 287 1473 dium
301 1411 432 1501 laddum.
476 1410 530 1473 Est
547 1424 657 1475 autem
677 1409 710 1474 in
730 1409 904 1476 Athleticis
926 1411 1158 1475 certaminibus
1175 1412 1247 1500 suc·

204 1514 416 1592 centuriatus,
430 1512 489 1577 srve
503 1511 675 1593 tertiarius,
689 1511 745 1599 qui
754 1514 862 1601 sederas
880 1513 1081 1600 expectabat,
1096 1526 1146 1593 ut,
1163 1513 1247 1580 duo·

204 1617 265 1680 bus
285 1615 377 1681 sociis
395 1614 497 1694 victis,
518 1614 584 1700 ipse
605 1614 721 1679 tertius
735 1637 811 1680 cum
828 1614 946 1680 victore
960 1629 1122 1679 certamen
1138 1615 1246 1681 iniret.

203 1718 288 1783 Vide
310 1716 511 1832 scaligerum
533 1717 574 1781 ad
596 1716 714 1781 Manil.
738 1738 771 1802 p.
791 1734 867 1800 417.
890 1729 924 1781 et
939 1719 1000 1782 Ez.
1015 1717 1190 1803 Spanhem.
1205 1716 1249 1781 ad

206 1819 398 1886 Callimach.
422 1818 497 1883 Η.
489 1842 522 1883 ιιι
542 1817 618 1883 Del
638 1819 680 1884 vs.
697 1837 769 1905 125.
785 1818 1009 1885 etadJulian.
1026 1822 1084 1885 Or.
1101 1822 1129 1884 Ι.
1145 1840 1248 1945 ρ.5ῐ.

204 1922 244 1987 Β.
280 1921 381 1988 werf.
397 1922 441 1986 D.
459 1921 493 1985 S.
510 1920 538 1985 I.
553 1942 586 2008 p.
603 1940 677 2008 293.

247 2026 324 2111 556.
340 2022 385 2089 D.
405 2021 809 2111 Εὗριτὶδης-τοιῤῥητιάζοτοιι
823 2025 874 2110 τρὸ
875 2048 962 2098 ςτους
975 2024 1057 2102 θεους,
1069 2027 1107 2089 τὰ
1125 2033 1180 2089 τῶν
1197 2051 1247 2089 τι·

206 2127 307 2192 κοντων
325 2126 486 2207 σφάλματα
500 2129 537 2200 ιίς
554 2126 616 2200 τοὺς
630 2124 760 2211 ογγόνοιις
772 2124 933 2212 τρέποντας]
960 2125 1098 2213 Respicit
1117 2125 1158 2190 ad
1177 2130 1245 2192 Eu-

204 2228 315 2315 ripidis
338 2229 461 2294 versum
483 2250 523 2293 ex
544 2227 711 2315 deperdita
732 2228 841 2293 fabula
862 2228 1069 2295 Alcmaeone:
1096 2229 1184 2316 quod
1208 2253 1248 2296 ex

135 2412 138 2416 A
205 2333 335 2398 Stobaeo
349 2333 482 2412 constat,
498 2331 554 2418 qui
568 2330 709 2397 cundem
723 2330 856 2396 exbibet
869 2333 904 2397 S.
918 2333 1091 2398 LXXVll.
1107 2354 1142 2420 p.
1153 2331 1243 2418 454³

331 2441 378 2500 Ta
391 2444 446 2500 τῶν
458 2434 591 2500 τοιοὸντοιν
604 2436 639 2510 ὥς
652 2433 823 2523 μετέρχεται
838 2435 893 2510 θεὸς
1335 2430 1343 2447 ’

331 2542 509 2619 Μιάτματα.

205 2637 269 2717 Sed
289 2639 336 2701 H.
363 2639 496 2703 Grotius
519 2641 671 2723 Excerpt.
698 2637 797 2722 Trag.
824 2658 857 2722 p.
878 2656 956 2718 422.
982 2636 1187 2718 anelontem,
1213 2639 1247 2703 ni

205 2739 311 2820 fallor,
326 2738 390 2804 loci
406 2739 503 2827 hujus
520 2738 713 2818 Plutarchei‚
728 2740 851 2803 versum
866 2738 912 2802 ita
926 2740 1110 2820 constituit;

167 2850 170 2855 “
332 2845 380 2904 Ta
393 2848 448 2905 τῶν
459 2839 594 2904 τεκόντων
607 2840 756 2924 σφάλματ’
772 2844 808 2915 εἷς
823 2841 885 2915 τοὺς
899 2840 1025 2925 lupiacus

333 2946 402 3008 Θοοὶ
417 2942 560 3030 τςίτοοτι.

205 3067 243 3111 ac
253 3045 364 3138 vertit,

331 3149 370 3212 In
381 3146 556 3236 prptercrum
569 3119 668 3236 capita
682 3170 742 3212 mos
756 3148 817 3213 Dis
828 3159 942 3212 vertere

333 3251 448 3339 Calpas
456 3262 625 3339 parentum.

202 3355 255 3420 De
269 3353 334 3419 hoc
344 3353 474 3441 Tragici
486 3353 589 3432 versu,
602 3364 636 3417 et
647 3349 800 3468 opinion-e
813 3363 969 3430 veterum,
984 3352 1073 3417 Deos
1088 3349 1281 3441 majorum

202 3469 335 3543 peccata
350 3456 382 3520 in
396 3456 526 3543 posteris
538 3454 665 3542 punire,
675 3452 908 3542 egrngiadedit
926 3453 998 3520 Cel.
1012 3454 1247 3520 Valckenarius
1314 3534 1318 3542 ¹

203 3557 243 3621 ad
258 3557 406 3623 Plroeniff.
421 3558 463 3622 vs.
475 3578 551 3646 941.
565 3570 600 3622 et
614 3557 749 3646 Hippol.
766 3557 807 3621 vs.
820 3557 893 3641 826.
909 3577 963 3621 cur
953 3555 1059 3621 adde
1071 3559 1132 3628 Ez.
1145 3557 1248 3643 Span·
1300 3557 1303 3564 ’

203 3659 293 3724 hem.
309 3658 350 3724 ad
363 3658 553 3724 Callimach.
573 3681 606 3746 p.
623 3660 825 3746 265.-Mox
840 3657 932 3735 Harl.
949 3658 980 3721 τὸ
994 3656 1094 3733 ιἰδΙκιος
1107 3661 1247 3756 critiqu-

202 3763 278 3838 δίως.
304 3761 390 3829 Coll.
406 3761 532 3827 Schott.
546 3763 598 3827 M.
614 3761 692 3829 Ald.
707 3764 747 3827 Τ.
762 3763 806 3827 V.
821 3761 860 3825 B.
875 3766 915 3845 τῷ
927 3763 960 3824 ἆ.
975 3767 1023 3824 τοῦ
1037 3764 1085 3845 βο.
1178 3830 1183 3841 .

246 3869 323 3955 556.
339 3869 377 3931 Ε.
401 3854 649 3952 ΑἶτοιτονΙχοντα
662 3869 738 3953 ταρὰ
753 3863 875 3949 Κροίσου
887 3862 1006 3950 χρυσίον
1021 3890 1051 3927 ιι.
1066 3888 1095 3926 τ.
1111 3865 1157 3950 λ.]
1183 3864 1246 3930 Res

204 3984 280 4035 nota
294 3970 349 4035 est.
381 3966 523 4035 Videndi
538 3967 611 4033 sunt
624 3968 658 4033 J.
674 3968 718 4032 A.
734 3964 857 4032 Fabric.
872 3965 912 4031 B.
934 3967 977 4031 G.
997 3967 1036 4030 T.
1057 3966 1083 4030 l.
1099 3989 1132 4055 p.
1144 3964 1302 4055 392b.64

378 4188 390 4221 b
408 4189 500 4238 chcb.
513 4189 532 4236 l.
542 4197 582 4243 41.
609 4187 755 4250 Diogenian.
769 4187 789 4234 l.
799 4194 840 4236 46.
866 4186 1000 4237 Himerius.
1014 4200 1069 4241 594.
