2714 4770
149 348 208 410 nu
228 347 347 409 max.
368 347 413 408 M.
434 346 636 407 PORTUNA.
657 345 724 404 OR.
738 346 764 402 l.
783 363 813 424 p.
828 359 897 420 327.
911 345 1045 421 0-328.
1059 347 1093 406 A.
1131 365 1183 407 ιιι

100 482 104 490 ¹
193 524 271 595 327.
295 507 335 574 C.
360 508 426 596 agit
445 499 698 588 Ἀμάνην-καὶ
719 505 781 579 τοὺς
798 503 930 592 'Arplreu
953 506 1066 590 παῖδας]
1091 506 1188 571 Hanc

148 609 210 676 sub
231 609 323 698 regni
346 608 445 674 initiis
466 607 640 673 fallionem
663 606 716 672 alii
741 606 971 672 contradunt.
1018 608 1188 696 Amyntas,

150 713 206 779 nifi
228 714 273 778 est
294 711 348 780 ille
368 710 485 777 Curtio
506 696 686 797 corfirlrrimrs
700 709 873 777 Alexandri
887 712 948 775 VI.
963 728 1065 796 9,17:
1082 711 1141 776 lV.
1157 729 1188 790 1,

150 833 209 900 27:
233 813 380 881 Diodoro
396 812 461 877 Sic.
477 813 589 877 XVII.
602 813 658 894 48.
688 811 825 878 Arriano
838 812 883 877 ll.
902 832 954 897 13,
966 831 999 898 3.
1014 810 1189 878 secundum

148 916 394 1006 grammaticam
426 914 597 995 rationem,
627 915 728 1001 potest
753 915 800 979 ita
825 908 976 1001 intelligi,
1004 925 1041 978 ut
1068 911 1190 1000 Aeropi
1333 948 1336 957 ·

150 1021 236 1088 filiun
258 1018 348 1085 fuiffe
366 1018 503 1098 dicatur,
525 1032 560 1084 et
579 1019 684 1084 sensus
710 1018 747 1082 fit
772 1018 816 1082 ad
834 1018 995 1104 Amyntam
1019 1031 1048 1082 ct
1072 1031 1190 1083 cataros

150 1123 266 1211 Aeropi
275 1122 382 1212 filios.-
405 1123 449 1187 ad
465 1121 579 1209 Atrope'
587 1120 689 1209 filios,
702 1121 735 1185 in
750 1121 854 1209 primis
866 1121 1040 1207 Amatam.
1084 1120 1189 1187 Aero-

150 1248 231 1313 pum
253 1224 383 1314 quidem
405 1223 571 1314 fignificari
591 1237 724 1311 apparet
743 1246 831 1304 eum,
845 1223 902 1312 qui
916 1221 1121 1289 Macedoniae
1135 1244 1192 1289 rex

150 1327 215 1393 fuit
236 1328 370 1418 Olymp.
391 1329 497 1394 XCV.
521 1328 672 1415 cognitus
695 1349 736 1391 ex
758 1325 905 1393 Diodoro
928 1324 993 1390 Sic.
1020 1327 1111 1391 XIV.
1134 1341 1190 1411 37.

150 1428 281 1495 AEliano
291 1432 368 1496 Var.
383 1431 462 1496 Hist.
473 1432 615 1515 Xll.43.
631 1443 665 1494 et
676 1428 745 1494 aliia
756 1428 802 1495 ibi
812 1429 853 1494 ab
864 1441 1002 1515 utroque
1012 1427 1190 1514 interprete

148 1530 267 1597 citatis.
311 1532 532 1598 Alexandrum
551 1530 675 1619 Aeropi
695 1530 796 1597 filium
815 1531 955 1621 legimus
975 1529 1063 1617 apud
1076 1528 1188 1595 Arria-

134 1656 230 1717 ‚num
257 1636 284 1699 1.
309 1654 341 1720 7,
363 1657 396 1721 9.
424 1656 565 1721 eumque
591 1656 668 1698 cum
696 1632 760 1698 hoc
789 1631 950 1700 Plutarchi
978 1631 1054 1697 loco
1076 1631 1190 1721 jungit

150 1737 382 1803 Freinshemius
396 1737 429 1801 in
444 1737 667 1824 supplement.
682 1735 789 1801 Curtii
806 1735 832 1798 l.
848 1755 901 1814 10,
914 1755 948 1820 5.

191 1856 268 1926 327.
283 1841 343 1926 D.]
367 1838 514 1905 Geminae
535 1838 608 1904 sunt
626 1838 823 1904 narrationes
842 1837 1005 1903 Plutarchi
1018 1839 1077 1905 Or.
1094 1839 1140 1904 ll.
1156 1860 1189 1925 p.
1304 1901 1305 1904 ,

149 1962 227 2032 342.
242 1945 288 2015 D.
317 1943 412 2009 Alex.
423 1941 463 2030 'p.
478 1944 561 2027 672:
570 1945 613 2007 A.
629 1955 663 2007 et
677 1943 772 2029 ipsrua
787 1940 959 2007 Alexandri
973 1941 1059 2029 apud
1077 1943 1190 2008 Arria·
1241 1957 1248 1966 '

151 2068 231 2111 num
245 2046 324 2112 Vll.
340 2067 374 2132 9,
391 2063 442 2108 ro.
488 2044 598 2108 Parvae
613 2042 759 2130 pecuniae
773 2058 807 2109 et
822 2043 965 2108 militum
979 2043 1102 2129 copias,
1117 2044 1190 2131 qui·

149 2148 212 2213 bue
232 2145 415 2212 Alexander
433 2146 536 2211 fretus
557 2159 684 2210 tantum
701 2144 824 2210 bellum
846 2145 990 2232 suscepit,
1013 2144 1097 2211 varie
1119 2146 1192 2234 qui-

133 2245 238 2329 'de'm,
253 2249 308 2314 sed
321 2232 429 2314 tamen
448 2247 582 2337 exiguas
600 2246 710 2312 cuncti
729 2247 863 2314 tradunt
882 2247 1082 2334 Scriptorum
1098 2270 1190 2336 ¹quo·

149 2371 222 2415 rum
234 2348 401 2416 dilseusum
414 2351 534 2416 notavit
549 2349 795 2415 Santtocrucius
809 2371 843 2436 p.
854 2352 929 2435 236.
943 2349 1008 2437 seq.
1024 2349 1065 2415 de
1080 2349 1189 2415 Histo-
1263 2340 1265 2346 ’

150 2451 224 2518 ricie
241 2453 348 2518 citatis
362 2451 548 2518 consulatur
559 2449 667 2517 idem:
686 2452 727 2517 de
740 2452 918 2518 Onesicrito
932 2474 965 2539 p.
974 2454 1030 2538 38.
1066 2452 1188 2519 Aristo·
1306 2485 1310 2491 ¹

149 2553 238 2633 bulo,
257 2576 290 2641 p.
304 2574 360 2637 42.
398 2553 584 2632 Ptolemae,
600 2575 633 2640 p.
647 2573 703 2635 44.
738 2553 952 2635 Anaximene,
968 2576 1001 2641 p.
1015 2572 1070 2640 33.
1104 2554 1189 2620 Duri

150 2656 272 2738 samba
289 2678 322 2743 P·
335 2675 390 2743 53·

150 2783 166 2789 ··
192 2777 269 2844 327.
284 2760 320 2823 F.
339 2761 387 2836 τὴν
406 2757 518 2821 Ἰλιάδα
539 2758 587 2821 καί
607 2761 657 2836 τὴν
677 2757 900 2843 Ὀδάσσεναν-]
932 2757 1110 2824 Onesicrito
1130 2781 1189 2824 au·

150 2860 239 2924 &ore
252 2858 363 2945 prodit
376 2858 566 2925 Plutarchus
580 2859 614 2923 in
628 2858 812 2925 Alexandro
825 2882 860 2947 p.
872 2861 948 2925 668.
960 2859 1005 2924 D.
1019 2860 1110 2925 etde
1125 2859 1190 2925 sola

151 2961 284 3049 quidem
301 2960 416 3027 Iliade:
440 2963 488 3025 καί
500 2963 613 3044 τῆνμὶν
626 2961 737 3026 Ἰλιάδα
748 2967 797 3039 τῆς
811 2968 961 3046 conparuit
975 2964 1072 3049 άμπῆς
1086 2964 1191 3044 ίφίδοον

136 3056 266 3148 ’νομίζων
286 3064 334 3128 καί
355 3064 505 3148 ὀνομάζων,
528 3063 629 3144 ἔλαβεν
648 3065 699 3147 μὶν
719 3065 932 3150 Ἀμνοτοτίλους
950 3062 1190 3151 δοομθάσκντοςῆν

150 3172 183 3232 la
204 3174 253 3230 τοῦ
275 3167 401 3252 νάρθηκος
422 3172 566 3230 καλοῦσιν·
591 3165 666 3252 ἐἶχεν
685 3167 714 3229 δὲ
728 3168 772 3231 dul
794 3170 868 3249 perol
885 3167 1114 3253 τοῦίγχοιμνδίοο
1128 3193 1188 3231 κει·

102 3345 105 3351 ,
149 3268 230 3353 μίκην
243 3268 293 3332 riri
307 3270 339 3332 tl
352 3268 588 3355 προσκεφάλαιον,
602 3271 637 3343 ὥς
650 3269 853 3358 Ὀνησικράτης
870 3268 1020 3355 lor-ripam·
1044 3269 1090 3335 ita
1110 3270 1188 3334 sub·

114 3440 116 3445 ,
149 3371 225 3437 inde
247 3371 310 3436 hoc
333 3393 450 3436 nomen
476 3370 654 3458 Orestarum
675 3370 833 3438 scribitur.
877 3371 941 3438 Sed
959 3373 1102 3438 universe
1120 3372 1188 3436 Ho-

149 3475 223 3538 meri
237 3475 370 3539 ccrmina
384 3474 499 3541 dicunt
512 3477 628 3541 Strabo
641 3477 739 3541 XIII.
755 3498 789 3563 p.
801 3477 877 3542 888.
888 3478 928 3542 B.
953 3475 1074 3543 Plinius
1085 3478 1131 3541 H.
1142 3478 1189 3542 N.
1260 3536 1265 3545 ,

150 3575 229 3640 Vll.
242 3595 296 3660 30.
339 3576 497 3642 Videatur
509 3591 543 3643 et
556 3578 817 3659 Sanatocrucius,
828 3578 911 3645 libro
925 3578 1056 3645 laudato
1067 3600 1101 3665 p.
1115 3594 1189 3664 205.

152 3704 154 3709 ·
176 3699 228 3764 ·p.
246 3679 323 3765 328.
341 3681 384 3744 A.
408 3684 435 3745 le
456 3680 566 3767 Λυκαίῳ
586 3681 804 3769 πομίκατον-ὲίν
824 3681 986 3768 Ἀκαδημίᾳ
1003 3682 1100 3767 liciat]
1125 3682 1188 3746 Au*

150 3780 216 3868 arip
231 3780 321 3845 estin
337 3782 376 3860 E,
391 3783 428 3861 F,
443 3784 485 3860 G,
501 3784 604 3848 Gron.
625 3781 702 3871 Xyl.
717 3783 815 3870 vulgo
829 3783 936 3871 Avalp.
981 3780 1189 3848 Ambulatio-

150 3902 227 3948 nem
249 3904 430 3971 congruere
453 3887 573 3972 Lyceo,
595 3887 736 3951 constat:
760 3885 947 3952 Academiae
966 3885 1082 3966 thesea,
1102 3885 1190 3972 quod

151 3984 248 4072 hujus
261 4000 331 4051 erat
350 3985 393 4051 de
409 3985 499 4050 omni
519 3986 678 4075 qaoejlione
699 3988 858 4074 propofita
877 3988 910 4052 in
929 4001 1099 4073 utramque
1112 4008 1188 4074 par·

150 4102 218 4153 tem
232 4087 408 4175 disputare.
448 4089 605 4155 atenim
622 4091 789 4180 bypotbefis‚
803 4091 915 4177 causta,
931 4089 1033 4155 oratio
1046 4089 1088 4157 de
1102 4090 1189 4156 facto

150 4206 269 4276 autre
293 4191 455 4279 fingularI,
481 4207 710 4278 argumentum
732 4208 916 4259 oratorumt
946 4208 980 4258 at
1000 4214 1075 4258 vero
1093 4193 1190 4279 tlrrsts,

152 4294 284 4379 quaestio,
295 4295 398 4361 oratio
410 4295 450 4360 de
462 4317 496 4360 re
508 4295 662 4376 universa,
674 4311 901 4384 argumentum
914 4296 1190 4384 philosophm.
