2714 4770
238 309 298 405 3o6
378 311 418 371 D.
439 306 488 370 W.
509 307 705 369 ANIMADV.
725 308 771 367 IN
793 307 1027 401 PLUTtRQss
1048 306 1130 366 ΗΒ.

238 467 390 557 Lampria
407 468 485 550 filio,
501 468 678 557 Epicureos
689 481 909 555 oppugnarat,
924 463 1288 533 continuationemell'e

239 570 388 638 credam:
412 572 444 636 in
467 594 564 660 quam
586 571 684 636 etiam
704 571 894 636 sententiam
917 569 988 636 Cel.
1013 569 1181 634 Reilkium
1202 590 1286 634 oon·

239 674 352 740 cedere
365 673 468 741 video.
513 674 566 741 Sie
581 697 646 741 non
658 674 808 755 mutilus,
823 675 876 753 sed
895 673 1048 740 omnihus
1064 672 1219 760 partibus
1232 671 1285 735 in-

240 788 332 863 teger
345 776 474 843 libellus
488 778 531 842 est
545 776 723 842 habendus.
854 784 862 812 ‘

280 877 409 944 Deinde
424 885 437 943 ὁ
450 879 612 964 Ἐπίκουρος
626 879 681 944 hic
694 893 782 945 certe
798 880 923 945 nullum
937 877 1047 944 locum
1061 878 1178 950 habet.
1213 878 1288 942 Ne·

126 1056 128 1058 .
239 1003 303 1069 que
325 981 413 1046 enim
428 981 469 1047 de
482 981 692 1068 antiquoillo
711 1004 762 1046 res
783 981 850 1069 ipsa
863 981 1005 1068 cogitare
1019 981 1102 1061 finit,
1117 1003 1230 1068 neque
1245 979 1287 1044 de

239 1083 416 1149 nocentiore
434 1106 577 1171 unquam
597 1083 667 1172 ejus
690 1083 783 1149 seclae
804 1105 844 1149 ac
865 1083 1004 1148 nominis
1019 1082 1168 1163 homine,
1185 1082 1239 1149 vel
1253 1084 1286 1149 in

239 1186 364 1272 seriptis
384 1187 537 1274 legimus,
557 1186 605 1252 vel
627 1185 725 1252 sando
741 1186 931 1252 audivimus.
976 1185 1100 1265 Potius,
1122 1209 1201 1274 quae
1225 1188 1285 1252 Fa·

239 1289 331 1354 bricii
341 1290 383 1352 est
394 1288 591 1377 conjeslura,
604 1289 788 1375 Ἐπικούρειος
799 1286 916 1377 scripsit
927 1289 1129 1355 Plutarchus.
1154 1289 1285 1357 Quam·

228 1389 336 1477 'quam
352 1413 392 1455 ne
405 1390 469 1456 hoe
481 1392 614 1480 quidem
629 1392 702 1458 satis
716 1394 833 1480 placet.
877 1392 948 1458 Sive
967 1392 1054 1460 euim
1077 1392 1286 1458 continuatio

143 1523 146 1528 =
207 1491 294 1558 thie
313 1491 397 1559 liber
417 1494 460 1558 est
478 1491 653 1579 deperditae
675 1492 914 1580 disputationis,
928 1517 1002 1582 quae
1023 1493 1196 1581 prreeeffit,
1211 1516 1285 1560 vero

240 1595 372 1660 nomine
394 1594 560 1660 hominem
583 1595 800 1682 disputantem
823 1595 1001 1673 induxisset,
1021 1609 1060 1660 ut
1081 1596 1163 1662 fecit
1185 1595 1282 1661 alibi:

239 1698 298 1762 five
319 1698 446 1786 integer
469 1698 513 1762 est
534 1697 673 1779 libellus,
696 1697 746 1764 vel
767 1698 807 1763 fio
829 1715 938 1764 tamen
961 1698 1131 1786 proprium
1153 1698 1284 1787 aliquod

240 1822 359 1865 nomen
375 1799 529 1886 requiras.
663 1788 664 1791 Ἴ

236 1890 239 1894 ’
281 1904 357 1987 548.
371 1904 416 1968 A.
433 1899 478 1965 Ὧ
500 1901 596 1989 Κύντε]
623 1902 677 1968 Sic
698 1924 811 1968 omnes
833 1901 1012 1982 Editiones,
1027 1914 1062 1967 et
1076 1902 1181 1969 MSS.
1197 1904 1283 1994 voa

238 2019 272 2071 et
289 2006 380 2071 Harl.
406 2005 469 2072 Sed
481 2005 567 2072 Coll.
584 2006 714 2071 Schott.
726 2020 760 2071 et
770 2008 810 2071 T.
821 2008 864 2072 V.
878 2007 916 2071 B.
931 2002 953 2069 ὦ
967 2004 1067 2091 Κύρνε.
1096 2006 1190 2071 Mihi
1206 2029 1282 2072 neu·

240 2124 325 2174 trum
341 2109 460 2194 placet,
476 2123 510 2174 et
527 2108 687 2173 adsentior
703 2108 826 2174 Reisstio
840 2106 1017 2194 corrigenti
1031 2107 1123 2172 Κόττα
1137 2108 1282 2196 ἀρήιοι.

240 2211 329 2275 Huic
353 2210 440 2275 enim
464 2224 497 2274 et
522 2210 594 2298 ejus
616 2210 707 2274 fratri
733 2209 874 2297 Nigrino
903 2208 1048 2275 libellum
1074 2208 1114 2274 de
1138 2211 1283 2285 Fraterno

237 2313 345 2377 Amore
367 2310 525 2392 dedicavit
548 2311 749 2377 Plutarchus.
794 2312 915 2377 elllum
935 2311 1076 2377 eundem
1095 2313 1159 2380 effe
1175 2315 1284 2380 volunt

240 2414 299 2490 viri
317 2413 405 2479 dosii
426 2435 502 2478 cum
524 2400 576 2494 e0,
598 2413 691 2502 cujus
709 2414 834 2480 nomini
851 2414 1027 2507 Nigrinum
1046 2414 1224 2505 dialogum
1235 2416 1285 2482 in·

239 2516 360 2602 scripsit
374 2516 549 2582 Lucianus.

282 2620 358 2704 548.
375 2619 412 2683 Β.
425 2621 490 2705 πρὸς
503 2620 644 2699 ἀλλήλους
658 2619 874 2707 δοαβλέψαπος]
895 2621 979 2686 Plut.
996 2624 1022 2686 l.
1040 2643 1138 2688 1011.
1154 2624 1204 2689 D.

282 2722 359 2805 548.
375 2723 413 2786 B.
437 2721 637 2808 Πατροκλέας]
666 2723 697 2786 Is
712 2746 814 2810 gener
827 2723 890 2787 suit
906 2723 1082 2805 Plutarchi,
1099 2725 1194 2812 quod
1208 2744 1285 2787 eon·

241 2821 298 2885 stat
316 2845 355 2886 ex
374 2825 522 2909 Sympos.
543 2828 582 2888 L.
598 2826 676 2890 Vll.
691 2848 724 2912 p.
739 2842 815 2909 700.
830 2829 869 2891 E.
886 2826 942 2891 ubi
957 2848 1031 2891 eum
1048 2824 1230 2911 Πατροκλέα
1244 2825 1288 2889 τὸν

239 2926 370 3009 γαμβρὸν
385 2927 745 3012 vocat.-——Xylander
759 2927 870 2992 mallet
885 2929 947 2991 boc
962 2926 1035 2991 loco
1050 2931 1228 3015 Πατροκλῆς
1242 2928 1288 2993 le·

239 3049 328 3113 gere.
374 3027 485 3108 Certe,
500 3043 538 3093 ut
552 3056 567 3092 υ
582 3041 616 3093 et
630 3057 650 3091 α
665 3028 779 3116 saepius
798 3028 1056 3108 confunduntur,
1074 3029 1116 3094 fio
1136 3030 1207 3098 hoe
1229 3056 1288 3098 uo·

240 3152 316 3194 men
331 3129 386 3193 hie
400 3132 583 3218 Πατροκλεὺς
599 3131 801 3195 scribendum
818 3131 954 3211 videtur,
970 3132 1054 3196 utin
1072 3134 1290 3221 Fragmento,

152 3216 160 3243 l
240 3230 328 3316 quod
348 3231 389 3296 ad
413 3232 536 3296 calcem
559 3232 794 3312 exhibebimus,
816 3233 900 3298 idem
924 3247 1067 3298 vocatur.
1112 3235 1293 3326 Πατροκλῆς

209 3385 213 3395 .
240 3333 372 3420 quidam
397 3333 548 3399 laudatur
571 3334 659 3420 apud
684 3336 851 3400 Stobaeum
875 3338 908 3400 S.
933 3337 1038 3401 CXV.
1067 3359 1101 3424 p.
1120 3354 1206 3426 592.
1240 3343 1293 3410 uhi

241 3434 374 3500 Grotius
395 3458 434 3500 ex
455 3435 541 3500 Cod.
564 3436 661 3500 Paris.
683 3437 728 3501 A.
750 3437 917 3503 annotavit
938 3443 1120 3531 Μητροκλῆς.
1172 3449 1295 3532 Harpo-

240 3536 326 3614 κλὲας
340 3539 383 3603 est
397 3539 485 3626 apud
501 3532 755 3624 Xenophontem
771 3540 856 3608 Hist.
872 3542 932 3605 Gr.
946 3542 986 3604 L.
1001 3541 1062 3608 Vl.
1073 3556 1107 3627 5,
1120 3544 1157 3613 8.
1204 3548 1296 3634 Quin

240 3639 327 3704 idem
356 3663 474 3705 nomen
505 3641 639 3705 subinde
669 3641 838 3728 Πάτροκλος
867 3641 1025 3722 scribitur,
1047 3658 1085 3708 ut
1107 3667 1152 3710 ex
1181 3647 1297 3715 Sehol.

241 3743 379 3807 Homer.
397 3742 438 3808 ll.
454 3748 493 3806 Α.
506 3760 583 3829 337.
599 3757 692 3808 notat
707 3746 740 3809 J.
757 3744 864 3809 Daris.
881 3744 922 3809 ad
939 3745 1044 3809 Cicer.
1059 3745 1162 3811 Tusc.
1182 3749 1300 3837 11.15.

241 3843 305 3907 Sed
320 3844 359 3909 in
383 3844 454 3933 ejus
477 3846 590 3910 sormae
614 3846 798 3911 nominibus
822 3846 943 3911 tamin
967 3844 1084 3933 plurali
1105 3869 1217 3935 quam
1242 3854 1303 3919 liu-

240 3946 344 4032 gulari
364 3970 499 4013 numero
522 3949 672 4036 frequens
694 3950 737 4015 est
759 3949 911 4014 consufio.
950 3947 1026 4015 Vid.
1041 3951 1073 4014 J.
1089 3952 1130 4015 F.
1148 3954 1302 4024 Gronov.

273 4177 284 4210 δ
302 4178 398 4226 Quintus
414 4197 506 4233 norrren
521 4185 586 4232 varie
601 4186 736 4234 scribitura
818 4192 828 4215 ⁸
846 4185 875 4232 Et
891 4184 1053 4246 proculdubio
1068 4185 1111 4234 ille
1128 4192 1170 4239 est
1185 4193 1234 4254 qui
1252 4209 1305 4245 me·

242 4260 333 4309 Graeeis
344 4261 417 4311 Wess.
430 4264 461 4311 D.
474 4266 499 4313 S.
510 4267 529 4314 l.
539 4277 594 4316 aso.
607 4268 654 4329 seq.
786 4277 895 4315 moratur
906 4266 992 4329 Symp.
1006 4267 1039 4318 ll.
1053 4278 1075 4316 ι.
1087 4283 1113 4332 p.
1126 4280 1192 4324 ⁶82.
1206 4277 1241 4324 Δ.
