<?xml version="1.0" encoding="UTF-8"?>
<!DOCTYPE html PUBLIC "-//W3C//DTD XHTML 1.0 Transitional//EN"
    "http://www.w3.org/TR/xhtml1/DTD/xhtml1-transitional.dtd">
<html xmlns="http://www.w3.org/1999/xhtml" xml:lang="en" lang="en">
 <head>
  <title>
</title>
<meta http-equiv="Content-Type" content="text/html;charset=utf-8" />
  <meta name='ocr-system' content='tesseract 3.04.00' />
  <meta name='ocr-capabilities' content='ocr_page ocr_carea ocr_par ocr_line ocrx_word'/>
</head>
<body>
  <div class='ocr_page' id='page_1' title='image "./plutarchichaero25plutgoog_0287.png"; bbox 0 0 2714 4770; ppageno 0'>
   <div class='ocr_carea' id='block_1_1' title="bbox 175 338 1076 405">
    <p class='ocr_par' dir='ltr' id='par_1_1' title="bbox 175 338 1076 405">
     <span class='ocr_line' id='line_1_1' title="bbox 175 338 1076 405; baseline -0.004 0"><span class='ocrx_word' id='word_1_1' title='bbox 175 344 237 405; x_wconf 74' lang='lat'><strong>&#39;20⁶</strong></span> <span class='ocrx_word' id='word_1_2' title='bbox 318 345 357 404; x_wconf 80' lang='lat'><strong>1).</strong></span> <span class='ocrx_word' id='word_1_3' title='bbox 378 344 427 403; x_wconf 85' lang='lat' dir='ltr'><strong>W.</strong></span> <span class='ocrx_word' id='word_1_4' title='bbox 448 343 649 402; x_wconf 80' lang='lat' dir='ltr'><strong>ANIMADV.</strong></span> <span class='ocrx_word' id='word_1_5' title='bbox 669 343 716 402; x_wconf 89' lang='lat' dir='ltr'><strong>IN</strong></span> <span class='ocrx_word' id='word_1_6' title='bbox 736 340 971 402; x_wconf 71' lang='lat' dir='ltr'><strong>romaum</strong></span> <span class='ocrx_word' id='word_1_7' title='bbox 991 338 1076 402; x_wconf 71' lang='lat' dir='ltr'><strong>unt.</strong></span> 
     </span>
    </p>
   </div>
   <div class='ocr_carea' id='block_1_2' title="bbox 99 499 1226 1721">
    <p class='ocr_par' dir='ltr' id='par_1_2' title="bbox 99 484 1226 1721">
     <span class='ocr_line' id='line_1_2' title="bbox 171 499 1226 590; baseline -0.005 -19"><span class='ocrx_word' id='word_1_8' title='bbox 171 518 229 571; x_wconf 89' lang='lat' dir='ltr'><strong>tur</strong></span> <span class='ocrx_word' id='word_1_9' title='bbox 244 504 332 570; x_wconf 86' lang='lat' dir='ltr'><strong>enim</strong></span> <span class='ocrx_word' id='word_1_10' title='bbox 349 502 545 569; x_wconf 83' lang='lat' dir='ltr'><strong>Platonicam</strong></span> <span class='ocrx_word' id='word_1_11' title='bbox 562 503 602 567; x_wconf 91' lang='lat' dir='ltr'><strong>de</strong></span> <span class='ocrx_word' id='word_1_12' title='bbox 621 501 654 566; x_wconf 89' lang='lat' dir='ltr'><em>V</em></span> <span class='ocrx_word' id='word_1_13' title='bbox 650 503 695 590; x_wconf 70' lang='lat' dir='ltr'><strong>esa</strong></span> <span class='ocrx_word' id='word_1_14' title='bbox 708 502 906 590; x_wconf 86' lang='lat' dir='ltr'><strong>opinionem,</strong></span> <span class='ocrx_word' id='word_1_15' title='bbox 928 503 1029 590; x_wconf 79' lang='lat' dir='ltr'><strong>quarn</strong></span> <span class='ocrx_word' id='word_1_16' title='bbox 1051 499 1127 589; x_wconf 87' lang='lat' dir='ltr'><strong>ipse</strong></span> <span class='ocrx_word' id='word_1_17' title='bbox 1147 506 1226 589; x_wconf 72' lang='lat' dir='ltr'><strong>pro·</strong></span> 
     </span>
     <span class='ocr_line' id='line_1_3' title="bbox 99 605 1225 697; baseline -0.004 -24"><span class='ocrx_word' id='word_1_18' title='bbox 99 690 102 697; x_wconf 25' lang='grc' dir='ltr'>Ι</span> <span class='ocrx_word' id='word_1_19' title='bbox 171 608 221 673; x_wconf 85' lang='lat' dir='ltr'><strong>dit</strong></span> <span class='ocrx_word' id='word_1_20' title='bbox 243 607 320 673; x_wconf 88' lang='lat' dir='ltr'><strong>Def.</strong></span> <span class='ocrx_word' id='word_1_21' title='bbox 341 608 437 672; x_wconf 81' lang='lat' dir='ltr'><strong>Orac.</strong></span> <span class='ocrx_word' id='word_1_22' title='bbox 456 626 489 693; x_wconf 89' lang='lat' dir='ltr'><strong>p.</strong></span> <span class='ocrx_word' id='word_1_23' title='bbox 505 624 580 692; x_wconf 80' lang='lat'><strong>433.</strong></span> <span class='ocrx_word' id='word_1_24' title='bbox 603 608 656 671; x_wconf 88' lang='lat' dir='ltr'><strong>D:</strong></span> <span class='ocrx_word' id='word_1_25' title='bbox 685 607 744 690; x_wconf 70' lang='grc' dir='ltr'><strong>ἂμοὶ</strong></span> <span class='ocrx_word' id='word_1_26' title='bbox 773 608 801 670; x_wconf 74' lang='grc' dir='ltr'><strong>δὲ</strong></span> <span class='ocrx_word' id='word_1_27' title='bbox 829 608 901 669; x_wconf 82' lang='grc' dir='ltr'><strong><em>δοκεῖ</em></strong></span> <span class='ocrx_word' id='word_1_28' title='bbox 926 605 1063 689; x_wconf 73' lang='grc' dir='ltr'><strong><em>μάλιστα</em></strong></span> <span class='ocrx_word' id='word_1_29' title='bbox 1092 606 1225 683; x_wconf 59' lang='lat' dir='ltr'><strong>rotam</strong></span> 
     </span>
     <span class='ocr_line' id='line_1_4' title="bbox 169 707 1222 796; baseline -0.003 -22"><span class='ocrx_word' id='word_1_30' title='bbox 169 710 236 796; x_wconf 63' lang='grc' dir='ltr'><strong>πρὸς</strong></span> <span class='ocrx_word' id='word_1_31' title='bbox 247 711 279 774; x_wconf 72' lang='grc' dir='ltr'><strong>τὸ</strong></span> <span class='ocrx_word' id='word_1_32' title='bbox 294 711 427 792; x_wconf 78' lang='grc' dir='ltr'><strong><em>μαντικὸν</em></strong></span> <span class='ocrx_word' id='word_1_33' title='bbox 441 716 547 790; x_wconf 76' lang='grc' dir='ltr'><strong><em>πνεῦμα</em></strong></span> <span class='ocrx_word' id='word_1_34' title='bbox 563 708 719 790; x_wconf 72' lang='grc' dir='ltr'><strong><em>λαμβάνειν</em></strong></span> <span class='ocrx_word' id='word_1_35' title='bbox 729 707 888 795; x_wconf 72' lang='grc' dir='ltr'><strong><em>σύγκρασιν</em></strong></span> <span class='ocrx_word' id='word_1_36' title='bbox 901 710 983 794; x_wconf 69' lang='grc' dir='ltr'><strong>ψυχὴ</strong></span> <span class='ocrx_word' id='word_1_37' title='bbox 999 709 1050 771; x_wconf 66' lang='lat' dir='ltr'><strong>nai</strong></span> <span class='ocrx_word' id='word_1_38' title='bbox 1064 707 1222 790; x_wconf 62' lang='grc' dir='ltr'><strong>σόμηξιν,</strong></span> 
     </span>
     <span class='ocr_line' id='line_1_5' title="bbox 168 810 1220 900; baseline 0.001 -25"><span class='ocrx_word' id='word_1_39' title='bbox 168 813 227 876; x_wconf 68' lang='grc' dir='ltr'><strong>οἷον</strong></span> <span class='ocrx_word' id='word_1_40' title='bbox 245 811 311 899; x_wconf 65' lang='lat' dir='ltr'><strong>opit</strong></span> <span class='ocrx_word' id='word_1_41' title='bbox 325 815 358 876; x_wconf 78' lang='lat' dir='ltr'><strong>ri</strong></span> <span class='ocrx_word' id='word_1_42' title='bbox 378 820 433 893; x_wconf 79' lang='grc' dir='ltr'><strong>φῶς</strong></span> <span class='ocrx_word' id='word_1_43' title='bbox 448 819 464 890; x_wconf 74' lang='grc' dir='ltr'><strong>ἡ</strong></span> <span class='ocrx_word' id='word_1_44' title='bbox 478 811 540 890; x_wconf 71' lang='grc' dir='ltr'><strong><em>ὄψις</em></strong></span> <span class='ocrx_word' id='word_1_45' title='bbox 560 814 716 894; x_wconf 69' lang='grc' dir='ltr'><strong>ὁμοιοπαθὲς</strong></span> <span class='ocrx_word' id='word_1_46' title='bbox 729 812 879 898; x_wconf 71' lang='grc' dir='ltr'><strong><em>γινόμενον.</em></strong></span> <span class='ocrx_word' id='word_1_47' title='bbox 918 812 1071 900; x_wconf 87' lang='lat' dir='ltr'><strong>Sympos.</strong></span> <span class='ocrx_word' id='word_1_48' title='bbox 1090 813 1121 876; x_wconf 84' lang='lat' dir='ltr'><strong>I.</strong></span> <span class='ocrx_word' id='word_1_49' title='bbox 1138 810 1172 876; x_wconf 85' lang='lat'><strong>8.</strong></span> <span class='ocrx_word' id='word_1_50' title='bbox 1187 830 1220 897; x_wconf 85' lang='lat' dir='ltr'><strong>p.</strong></span> 
     </span>
     <span class='ocr_line' id='line_1_6' title="bbox 167 913 1219 1003; baseline -0.003 -24"><span class='ocrx_word' id='word_1_51' title='bbox 167 915 242 982; x_wconf 81' lang='lat'><strong>626.</strong></span> <span class='ocrx_word' id='word_1_52' title='bbox 260 914 307 981; x_wconf 84' lang='lat' dir='ltr'><strong>C:</strong></span> <span class='ocrx_word' id='word_1_53' title='bbox 331 914 372 980; x_wconf 73' lang='grc' dir='ltr'><strong>ὅτι</strong></span> <span class='ocrx_word' id='word_1_54' title='bbox 392 922 500 1000; x_wconf 76' lang='grc' dir='ltr'><strong><em>πνεῦμα</em></strong></span> <span class='ocrx_word' id='word_1_55' title='bbox 516 924 572 981; x_wconf 81' lang='grc' dir='ltr'><strong>τῶν</strong></span> <span class='ocrx_word' id='word_1_56' title='bbox 586 915 718 999; x_wconf 78' lang='grc' dir='ltr'><strong><em>ὀμμᾶτοον</em></strong></span> <span class='ocrx_word' id='word_1_57' title='bbox 732 916 870 1002; x_wconf 76' lang='grc' dir='ltr'><strong><em>αὔγοιιὸὶς</em></strong></span> <span class='ocrx_word' id='word_1_58' title='bbox 883 913 1014 979; x_wconf 64' lang='grc' dir='ltr'><strong>ἐκπίπτον</strong></span> <span class='ocrx_word' id='word_1_59' title='bbox 1027 919 1219 1003; x_wconf 53' lang='lat' dir='ltr'><strong>hauserim</strong></span> 
     </span>
     <span class='ocr_line' id='line_1_7' title="bbox 166 1014 1220 1105; baseline -0.001 -25"><span class='ocrx_word' id='word_1_60' title='bbox 166 1023 207 1104; x_wconf 77' lang='grc' dir='ltr'><strong>τῷ</strong></span> <span class='ocrx_word' id='word_1_61' title='bbox 222 1019 282 1105; x_wconf 76' lang='grc' dir='ltr'><strong>πιμὶ</strong></span> <span class='ocrx_word' id='word_1_62' title='bbox 296 1023 335 1081; x_wconf 78' lang='grc' dir='ltr'><strong>τοὶ</strong></span> <span class='ocrx_word' id='word_1_63' title='bbox 349 1019 473 1100; x_wconf 75' lang='grc' dir='ltr'><strong><em>σώμαι-οι</em></strong></span> <span class='ocrx_word' id='word_1_64' title='bbox 484 1021 552 1101; x_wconf 70' lang='grc' dir='ltr'><strong>φωτὶ</strong></span> <span class='ocrx_word' id='word_1_65' title='bbox 566 1020 613 1082; x_wconf 79' lang='lat' dir='ltr'><strong>nal</strong></span> <span class='ocrx_word' id='word_1_66' title='bbox 626 1019 766 1103; x_wconf 73' lang='grc' dir='ltr'><strong>λαμβάνει</strong></span> <span class='ocrx_word' id='word_1_67' title='bbox 778 1018 928 1101; x_wconf 73' lang='grc' dir='ltr'><strong><em>σύμπηξιν,</em></strong></span> <span class='ocrx_word' id='word_1_68' title='bbox 939 1014 1012 1080; x_wconf 77' lang='lat' dir='ltr'><strong>ei&#39;err</strong></span> <span class='ocrx_word' id='word_1_69' title='bbox 1025 1017 1055 1080; x_wconf 73' lang='lat' dir='ltr'><strong>iv</strong></span> <span class='ocrx_word' id='word_1_70' title='bbox 1070 1018 1107 1095; x_wconf 66' lang='grc' dir='ltr'><strong>ἐξ</strong></span> <span class='ocrx_word' id='word_1_71' title='bbox 1117 1018 1220 1100; x_wconf 73' lang='grc' dir='ltr'><strong><em>ἀμφοῖν</em></strong></span> 
     </span>
     <span class='ocr_line' id='line_1_8' title="bbox 165 1117 1217 1206; baseline 0 -24"><span class='ocrx_word' id='word_1_72' title='bbox 165 1126 252 1204; x_wconf 78' lang='grc' dir='ltr'><strong><em>σῶμα</em></strong></span> <span class='ocrx_word' id='word_1_73' title='bbox 266 1119 355 1184; x_wconf 73' lang='grc' dir='ltr'><strong><em>διόλου</em></strong></span> <span class='ocrx_word' id='word_1_74' title='bbox 370 1121 511 1204; x_wconf 74' lang='grc' dir='ltr'><strong><em>συμπαθὲς</em></strong></span> <span class='ocrx_word' id='word_1_75' title='bbox 524 1119 665 1206; x_wconf 72' lang='grc' dir='ltr'><strong><em>γενέσθαι.</em></strong></span> <span class='ocrx_word' id='word_1_76' title='bbox 706 1120 805 1185; x_wconf 85' lang='lat' dir='ltr'><strong>Conf.</strong></span> <span class='ocrx_word' id='word_1_77' title='bbox 820 1121 872 1185; x_wconf 90' lang='lat' dir='ltr'><strong>De</strong></span> <span class='ocrx_word' id='word_1_78' title='bbox 887 1118 998 1184; x_wconf 82' lang='lat' dir='ltr'><strong>Placit.</strong></span> <span class='ocrx_word' id='word_1_79' title='bbox 1017 1117 1142 1183; x_wconf 71' lang='lat' dir='ltr'><strong>Philus.</strong></span> <span class='ocrx_word' id='word_1_80' title='bbox 1160 1118 1217 1184; x_wconf 86' lang='lat' dir='ltr'><strong>IV.</strong></span> 
     </span>
     <span class='ocr_line' id='line_1_9' title="bbox 168 1218 1217 1310; baseline 0.002 -23"><span class='ocrx_word' id='word_1_81' title='bbox 168 1241 220 1307; x_wconf 79' lang='lat'><strong>13.</strong></span> <span class='ocrx_word' id='word_1_82' title='bbox 264 1222 424 1287; x_wconf 84' lang='lat' dir='ltr'><strong>Alcinous</strong></span> <span class='ocrx_word' id='word_1_83' title='bbox 445 1223 596 1288; x_wconf 63' lang='lat' dir='ltr'><strong>Dollrin.</strong></span> <span class='ocrx_word' id='word_1_84' title='bbox 621 1223 700 1288; x_wconf 93' lang='lat' dir='ltr'><strong>Plat.</strong></span> <span class='ocrx_word' id='word_1_85' title='bbox 724 1222 807 1310; x_wconf 88' lang='lat' dir='ltr'><strong>Cap.</strong></span> <span class='ocrx_word' id='word_1_86' title='bbox 824 1222 953 1288; x_wconf 84' lang='lat' dir='ltr'><strong>XVIII.</strong></span> <span class='ocrx_word' id='word_1_87' title='bbox 994 1218 1121 1303; x_wconf 76' lang='lat' dir='ltr'><strong>Pselius</strong></span> <span class='ocrx_word' id='word_1_88' title='bbox 1134 1220 1217 1289; x_wconf 86' lang='lat' dir='ltr'><strong>Om-</strong></span> 
     </span>
     <span class='ocr_line' id='line_1_10' title="bbox 138 1320 1215 1413; baseline -0.002 -23"><span class='ocrx_word' id='word_1_89' title='bbox 138 1323 257 1390; x_wconf 77' lang='lat' dir='ltr'><strong>.itifar.</strong></span> <span class='ocrx_word' id='word_1_90' title='bbox 279 1323 428 1389; x_wconf 67' lang='lat' dir='ltr'><strong>Docirin.</strong></span> <span class='ocrx_word' id='word_1_91' title='bbox 451 1325 519 1413; x_wconf 72' lang='lat' dir='ltr'><strong>Qu.</strong></span> <span class='ocrx_word' id='word_1_92' title='bbox 539 1325 594 1406; x_wconf 88' lang='lat'><strong>64.</strong></span> <span class='ocrx_word' id='word_1_93' title='bbox 631 1327 674 1390; x_wconf 91' lang='lat' dir='ltr'><strong>Et</strong></span> <span class='ocrx_word' id='word_1_94' title='bbox 695 1338 840 1390; x_wconf 86' lang='lat' dir='ltr'><strong>ceterum</strong></span> <span class='ocrx_word' id='word_1_95' title='bbox 862 1322 1036 1388; x_wconf 83' lang='lat' dir='ltr'>Plutarcho</span> <span class='ocrx_word' id='word_1_96' title='bbox 1059 1320 1215 1389; x_wconf 73' lang='lat' dir='ltr'><strong>est&#39;usur·</strong></span> 
     </span>
     <span class='ocr_line' id='line_1_11' title="bbox 163 1424 1215 1516; baseline -0.002 -24"><span class='ocrx_word' id='word_1_97' title='bbox 163 1436 241 1516; x_wconf 86' lang='lat' dir='ltr'><strong>pata</strong></span> <span class='ocrx_word' id='word_1_98' title='bbox 254 1447 313 1491; x_wconf 83' lang='lat' dir='ltr'><strong>vox</strong></span> <span class='ocrx_word' id='word_1_99' title='bbox 327 1427 475 1508; x_wconf 75' lang='grc' dir='ltr'><strong><em>σόμιιηξις·</em></strong></span> <span class='ocrx_word' id='word_1_100' title='bbox 492 1449 521 1491; x_wconf 91' lang='grc' dir='ltr'><strong>ν.</strong></span> <span class='ocrx_word' id='word_1_101' title='bbox 536 1450 565 1492; x_wconf 92' lang='lat' dir='ltr'><strong>c.</strong></span> <span class='ocrx_word' id='word_1_102' title='bbox 581 1426 669 1514; x_wconf 84' lang='lat' dir='ltr'><strong>opp.</strong></span> <span class='ocrx_word' id='word_1_103' title='bbox 684 1427 773 1491; x_wconf 87' lang='lat' dir='ltr'><strong>Mor.</strong></span> <span class='ocrx_word' id='word_1_104' title='bbox 789 1449 821 1514; x_wconf 89' lang='lat' dir='ltr'><strong>p.</strong></span> <span class='ocrx_word' id='word_1_105' title='bbox 834 1442 887 1514; x_wconf 85' lang='lat'><strong>95.</strong></span> <span class='ocrx_word' id='word_1_106' title='bbox 903 1427 942 1490; x_wconf 89' lang='lat' dir='ltr'><strong>B.</strong></span> <span class='ocrx_word' id='word_1_107' title='bbox 967 1424 1042 1512; x_wconf 85' lang='lat'><strong>138.</strong></span> <span class='ocrx_word' id='word_1_108' title='bbox 1057 1431 1100 1490; x_wconf 82' lang='lat' dir='ltr'><strong>E.</strong></span> <span class='ocrx_word' id='word_1_109' title='bbox 1120 1442 1215 1511; x_wconf 76' lang='lat'><strong>1003.</strong></span> 
     </span>
     <span class='ocr_line' id='line_1_12' title="bbox 164 1528 1215 1616; baseline -0.002 -20"><span class='ocrx_word' id='word_1_110' title='bbox 164 1529 207 1596; x_wconf 86' lang='lat' dir='ltr'><strong>C.</strong></span> <span class='ocrx_word' id='word_1_111' title='bbox 229 1529 298 1596; x_wconf 87' lang='lat' dir='ltr'><strong>Vit.</strong></span> <span class='ocrx_word' id='word_1_112' title='bbox 317 1546 390 1593; x_wconf 91' lang='lat'><strong>101.</strong></span> <span class='ocrx_word' id='word_1_113' title='bbox 405 1531 449 1594; x_wconf 82' lang='lat' dir='ltr'><strong>A.</strong></span> <span class='ocrx_word' id='word_1_114' title='bbox 488 1529 602 1616; x_wconf 89' lang='lat' dir='ltr'><strong>ltaque</strong></span> <span class='ocrx_word' id='word_1_115' title='bbox 618 1529 672 1594; x_wconf 93' lang='lat' dir='ltr'><strong>hic</strong></span> <span class='ocrx_word' id='word_1_116' title='bbox 686 1528 778 1594; x_wconf 78' lang='lat' dir='ltr'><strong>locus</strong></span> <span class='ocrx_word' id='word_1_117' title='bbox 789 1529 892 1616; x_wconf 83' lang='lat' dir='ltr'><strong>magis</strong></span> <span class='ocrx_word' id='word_1_118' title='bbox 904 1528 1076 1615; x_wconf 86' lang='lat' dir='ltr'><strong>perspicue</strong></span> <span class='ocrx_word' id='word_1_119' title='bbox 1086 1542 1215 1594; x_wconf 82' lang='lat' dir='ltr'><strong>verteo-</strong></span> 
     </span>
     <span class='ocr_line' id='line_1_13' title="bbox 160 1630 1214 1721; baseline -0.003 -25"><span class='ocrx_word' id='word_1_120' title='bbox 160 1631 223 1697; x_wconf 76' lang='lat' dir='ltr'><strong>dua</strong></span> <span class='ocrx_word' id='word_1_121' title='bbox 235 1632 295 1698; x_wconf 82' lang='lat' dir='ltr'><strong>est:</strong></span> <span class='ocrx_word' id='word_1_122' title='bbox 319 1632 444 1698; x_wconf 78' lang='lat' dir='ltr'><strong>AEtherr&#39;</strong></span> <span class='ocrx_word' id='word_1_123' title='bbox 458 1643 556 1696; x_wconf 73' lang='lat' dir='ltr'><strong>mnu</strong></span> <span class='ocrx_word' id='word_1_124' title='bbox 567 1643 595 1696; x_wconf 79' lang='lat' dir='ltr'><strong>et</strong></span> <span class='ocrx_word' id='word_1_125' title='bbox 606 1631 678 1712; x_wconf 78' lang='lat' dir='ltr'><strong>luci,</strong></span> <span class='ocrx_word' id='word_1_126' title='bbox 689 1644 808 1721; x_wconf 82' lang='lat' dir='ltr'><strong>propter</strong></span> <span class='ocrx_word' id='word_1_127' title='bbox 818 1655 915 1696; x_wconf 82' lang='lat' dir='ltr'><strong>eorum</strong></span> <span class='ocrx_word' id='word_1_128' title='bbox 930 1654 995 1693; x_wconf 81' lang='grc' dir='ltr'><strong><em>ιιοιιν</em></strong></span> <span class='ocrx_word' id='word_1_129' title='bbox 1009 1630 1090 1717; x_wconf 75' lang='lat' dir='ltr'><strong>Visu</strong></span> <span class='ocrx_word' id='word_1_130' title='bbox 1104 1648 1214 1717; x_wconf 69' lang='lat' dir='ltr'><strong>cagna-</strong></span> 
     </span>
    </p>
   </div>
   <div class='ocr_carea' id='block_1_3' title="bbox 46 1728 1212 1824">
    <p class='ocr_par' dir='ltr' id='par_1_3' title="bbox 46 1728 1212 1824">
     <span class='ocr_line' id='line_1_14' title="bbox 46 1728 1212 1824; baseline -0.006 -18"><span class='ocrx_word' id='word_1_131' title='bbox 46 1796 57 1806; x_wconf 96' lang='lat'><strong>.</strong></span> <span class='ocrx_word' id='word_1_132' title='bbox 162 1728 280 1814; x_wconf 64' lang='lat' dir='ltr'><strong>macra,</strong></span> <span class='ocrx_word' id='word_1_133' title='bbox 300 1734 463 1824; x_wconf 77' lang='lat' dir='ltr'><strong>effirlgente</strong></span> <span class='ocrx_word' id='word_1_134' title='bbox 483 1734 517 1799; x_wconf 88' lang='lat' dir='ltr'><em>V</em></span> <span class='ocrx_word' id='word_1_135' title='bbox 514 1736 570 1824; x_wconf 78' lang='lat' dir='ltr'><strong>isat,</strong></span> <span class='ocrx_word' id='word_1_136' title='bbox 582 1734 629 1824; x_wconf 81' lang='lat' dir='ltr'><strong>fit</strong></span> <span class='ocrx_word' id='word_1_137' title='bbox 651 1758 687 1799; x_wconf 73' lang='lat' dir='ltr'><strong>ex</strong></span> <span class='ocrx_word' id='word_1_138' title='bbox 706 1735 848 1823; x_wconf 76' lang='lat' dir='ltr'><strong>utrisque,</strong></span> <span class='ocrx_word' id='word_1_139' title='bbox 867 1735 903 1798; x_wconf 80' lang='lat' dir='ltr'><strong>id</strong></span> <span class='ocrx_word' id='word_1_140' title='bbox 924 1732 964 1818; x_wconf 84' lang='lat' dir='ltr'><strong>est</strong></span> <span class='ocrx_word' id='word_1_141' title='bbox 983 1731 1050 1798; x_wconf 77' lang='lat' dir='ltr'><strong>luce</strong></span> <span class='ocrx_word' id='word_1_142' title='bbox 1074 1747 1107 1798; x_wconf 76' lang='lat' dir='ltr'><strong>et</strong></span> <span class='ocrx_word' id='word_1_143' title='bbox 1127 1733 1212 1822; x_wconf 55' lang='lat' dir='ltr'><strong>Vjfi,</strong></span> 
     </span>
    </p>
   </div>
   <div class='ocr_carea' id='block_1_4' title="bbox 69 1837 1213 4385">
    <p class='ocr_par' dir='ltr' id='par_1_4' title="bbox 69 1837 1213 2314">
     <span class='ocr_line' id='line_1_15' title="bbox 160 1837 1212 1927; baseline -0.006 -21"><span class='ocrx_word' id='word_1_144' title='bbox 160 1847 267 1906; x_wconf 68' lang='lat' dir='ltr'><strong>autea</strong></span> <span class='ocrx_word' id='word_1_145' title='bbox 282 1850 311 1904; x_wconf 80' lang='lat' dir='ltr'><strong>et</strong></span> <span class='ocrx_word' id='word_1_146' title='bbox 321 1839 441 1927; x_wconf 78' lang='lat' dir='ltr'><strong>pariter</strong></span> <span class='ocrx_word' id='word_1_147' title='bbox 459 1839 571 1926; x_wconf 68' lang='lat' dir='ltr'><strong>offitia</strong></span> <span class='ocrx_word' id='word_1_148' title='bbox 590 1839 692 1903; x_wconf 79' lang='lat' dir='ltr'><em>mixtio</em></span> <span class='ocrx_word' id='word_1_149' title='bbox 712 1851 740 1902; x_wconf 84' lang='lat' dir='ltr'><strong>et</strong></span> <span class='ocrx_word' id='word_1_150' title='bbox 753 1840 913 1903; x_wconf 73' lang='lat' dir='ltr'><em>concretive</em></span> <span class='ocrx_word' id='word_1_151' title='bbox 934 1837 1018 1922; x_wconf 72' lang='lat' dir='ltr'><strong>allipr</strong></span> <span class='ocrx_word' id='word_1_152' title='bbox 1032 1838 1061 1901; x_wconf 82' lang='grc' dir='ltr'><strong>δ.</strong></span> <span class='ocrx_word' id='word_1_153' title='bbox 1077 1839 1129 1902; x_wconf 72' lang='lat' dir='ltr'><strong>aul</strong></span> <span class='ocrx_word' id='word_1_154' title='bbox 1143 1838 1212 1922; x_wconf 63' lang='grc' dir='ltr'><strong>μὶ</strong></span> 
     </span>
     <span class='ocr_line' id='line_1_16' title="bbox 159 1939 1212 2030; baseline 0.001 -24"><span class='ocrx_word' id='word_1_155' title='bbox 159 1939 314 2008; x_wconf 77' lang='lat' dir='ltr'><strong>&lt;licuntur</strong></span> <span class='ocrx_word' id='word_1_156' title='bbox 340 1962 399 2030; x_wconf 90' lang='lat' dir='ltr'><strong>pro</strong></span> <span class='ocrx_word' id='word_1_157' title='bbox 427 1964 507 2023; x_wconf 90' lang='lat' dir='ltr'><strong>uno,</strong></span> <span class='ocrx_word' id='word_1_158' title='bbox 531 1963 590 2030; x_wconf 87' lang='lat' dir='ltr'><strong>per</strong></span> <span class='ocrx_word' id='word_1_159' title='bbox 613 1942 642 2006; x_wconf 73' lang='lat' dir='ltr'><strong>lv</strong></span> <span class='ocrx_word' id='word_1_160' title='bbox 669 1945 714 2006; x_wconf 75' lang='lat' dir='ltr'><strong>lul</strong></span> <span class='ocrx_word' id='word_1_161' title='bbox 739 1945 820 2020; x_wconf 82' lang='grc' dir='ltr'><strong><em>δυοῖν,</em></strong></span> <span class='ocrx_word' id='word_1_162' title='bbox 842 1940 953 2028; x_wconf 84' lang='lat' dir='ltr'>hisque</span> <span class='ocrx_word' id='word_1_163' title='bbox 975 1939 1014 2005; x_wconf 85' lang='lat' dir='ltr'><strong>fit</strong></span> <span class='ocrx_word' id='word_1_164' title='bbox 1035 1940 1157 2007; x_wconf 83' lang='lat' dir='ltr'><strong>metio</strong></span> <span class='ocrx_word' id='word_1_165' title='bbox 1180 1948 1212 2007; x_wconf 77' lang='lat' dir='ltr'><strong>&#39;et</strong></span> 
     </span>
     <span class='ocr_line' id='line_1_17' title="bbox 161 2041 1212 2132; baseline 0.001 -24"><span class='ocrx_word' id='word_1_166' title='bbox 161 2045 327 2110; x_wconf 77' lang='lat' dir='ltr'><strong>concretio</strong></span> <span class='ocrx_word' id='word_1_167' title='bbox 352 2067 417 2110; x_wconf 89' lang='lat' dir='ltr'><strong>non</strong></span> <span class='ocrx_word' id='word_1_168' title='bbox 442 2045 550 2111; x_wconf 88' lang='lat' dir='ltr'><strong>secum</strong></span> <span class='ocrx_word' id='word_1_169' title='bbox 573 2044 724 2125; x_wconf 84' lang='lat' dir='ltr'><strong>invicem,</strong></span> <span class='ocrx_word' id='word_1_170' title='bbox 746 2043 868 2132; x_wconf 79' lang='lat' dir='ltr'>quippe</span> <span class='ocrx_word' id='word_1_171' title='bbox 883 2041 952 2131; x_wconf 86' lang='lat' dir='ltr'><strong>jam</strong></span> <span class='ocrx_word' id='word_1_172' title='bbox 978 2064 1037 2130; x_wconf 89' lang='lat' dir='ltr'><strong>per</strong></span> <span class='ocrx_word' id='word_1_173' title='bbox 1057 2056 1212 2109; x_wconf 83' lang='lat' dir='ltr'><strong>naturam</strong></span> 
     </span>
     <span class='ocr_line' id='line_1_18' title="bbox 69 2132 1213 2235; baseline 0 -24"><span class='ocrx_word' id='word_1_174' title='bbox 69 2132 73 2145; x_wconf 57' lang='lat'><strong><em>⁵</em></strong></span> <span class='ocrx_word' id='word_1_175' title='bbox 160 2146 249 2211; x_wconf 86' lang='lat' dir='ltr'><strong>suam</strong></span> <span class='ocrx_word' id='word_1_176' title='bbox 271 2146 467 2235; x_wconf 72' lang='lat' dir='ltr'><strong>conjunclis,</strong></span> <span class='ocrx_word' id='word_1_177' title='bbox 490 2147 545 2212; x_wconf 90' lang='lat' dir='ltr'><strong>sed</strong></span> <span class='ocrx_word' id='word_1_178' title='bbox 566 2169 643 2212; x_wconf 89' lang='lat' dir='ltr'><strong>cum</strong></span> <span class='ocrx_word' id='word_1_179' title='bbox 660 2146 740 2213; x_wconf 77' lang='lat' dir='ltr'><strong>Vrsu</strong></span> <span class='ocrx_word' id='word_1_180' title='bbox 758 2145 928 2212; x_wconf 84' lang='lat' dir='ltr'><strong>oculorum</strong></span> <span class='ocrx_word' id='word_1_181' title='bbox 950 2144 981 2209; x_wconf 87' lang='lat' dir='ltr'><strong>se</strong></span> <span class='ocrx_word' id='word_1_182' title='bbox 995 2144 1213 2231; x_wconf 77' lang='lat' dir='ltr'><strong>aperiente&#39;et</strong></span> 
     </span>
     <span class='ocr_line' id='line_1_19' title="bbox 159 2245 645 2314; baseline 0.002 -2"><span class='ocrx_word' id='word_1_183' title='bbox 159 2245 271 2314; x_wconf 88' lang='lat' dir='ltr'><strong>lumen</strong></span> <span class='ocrx_word' id='word_1_184' title='bbox 285 2249 378 2314; x_wconf 89' lang='lat' dir='ltr'>suum</span> <span class='ocrx_word' id='word_1_185' title='bbox 393 2248 578 2314; x_wconf 84' lang='lat' dir='ltr'><strong>emittente.</strong></span> <span class='ocrx_word' id='word_1_186' title='bbox 640 2302 645 2313; x_wconf 70' lang='grc'>,</span> 
     </span>
    </p>

    <p class='ocr_par' dir='ltr' id='par_1_5' title="bbox 123 2347 1212 2940">
     <span class='ocr_line' id='line_1_20' title="bbox 200 2347 1211 2435; baseline 0.003 -22"><span class='ocrx_word' id='word_1_187' title='bbox 200 2368 277 2435; x_wconf 79' lang='grc'><strong>390.</strong></span> <span class='ocrx_word' id='word_1_188' title='bbox 293 2350 332 2414; x_wconf 89' lang='grc' dir='ltr'><strong>Β.</strong></span> <span class='ocrx_word' id='word_1_189' title='bbox 353 2350 408 2414; x_wconf 79' lang='grc' dir='ltr'><strong><em>τ’ῶι</em></strong></span> <span class='ocrx_word' id='word_1_190' title='bbox 428 2348 710 2435; x_wconf 72' lang='grc' dir='ltr'><strong><em>πίνοι-σύλληξις]</em></strong></span> <span class='ocrx_word' id='word_1_191' title='bbox 737 2348 837 2414; x_wconf 89' lang='lat' dir='ltr'>Haud</span> <span class='ocrx_word' id='word_1_192' title='bbox 856 2347 921 2415; x_wconf 89' lang='lat' dir='ltr'><strong>scio</strong></span> <span class='ocrx_word' id='word_1_193' title='bbox 941 2372 982 2414; x_wconf 89' lang='lat' dir='ltr'><strong>an</strong></span> <span class='ocrx_word' id='word_1_194' title='bbox 997 2348 1119 2415; x_wconf 74' lang='grc' dir='ltr'><strong>0οᾶοτ</strong></span> <span class='ocrx_word' id='word_1_195' title='bbox 1131 2348 1211 2416; x_wconf 81' lang='lat' dir='ltr'><strong>scri·</strong></span> 
     </span>
     <span class='ocr_line' id='line_1_21' title="bbox 159 2449 1211 2540; baseline 0.003 -25"><span class='ocrx_word' id='word_1_196' title='bbox 159 2449 259 2538; x_wconf 83' lang='lat' dir='ltr'><strong>pserit</strong></span> <span class='ocrx_word' id='word_1_197' title='bbox 274 2459 329 2515; x_wconf 78' lang='grc' dir='ltr'><strong>τῶν</strong></span> <span class='ocrx_word' id='word_1_198' title='bbox 349 2450 459 2514; x_wconf 73' lang='grc' dir='ltr'><strong><em>πάντων</em></strong></span> <span class='ocrx_word' id='word_1_199' title='bbox 478 2452 545 2537; x_wconf 75' lang='grc' dir='ltr'><strong>πρὸς</strong></span> <span class='ocrx_word' id='word_1_200' title='bbox 564 2453 604 2513; x_wconf 81' lang='grc' dir='ltr'><strong>τοὶ</strong></span> <span class='ocrx_word' id='word_1_201' title='bbox 623 2451 704 2514; x_wconf 76' lang='grc' dir='ltr'><strong><em>πίνοι</em></strong></span> <span class='ocrx_word' id='word_1_202' title='bbox 724 2451 868 2529; x_wconf 75' lang='grc' dir='ltr'><strong><em>σύλληξις.</em></strong></span> <span class='ocrx_word' id='word_1_203' title='bbox 892 2493 898 2507; x_wconf 86' lang='lat'><strong>·</strong></span> <span class='ocrx_word' id='word_1_204' title='bbox 914 2453 1116 2518; x_wconf 82' lang='lat' dir='ltr'><strong>Postremum</strong></span> <span class='ocrx_word' id='word_1_205' title='bbox 1135 2451 1211 2540; x_wconf 77' lang='lat' dir='ltr'><strong>qui·</strong></span> 
     </span>
     <span class='ocr_line' id='line_1_22' title="bbox 158 2550 1209 2638; baseline 0.004 -21"><span class='ocrx_word' id='word_1_206' title='bbox 158 2551 234 2617; x_wconf 85' lang='lat' dir='ltr'><strong>dem</strong></span> <span class='ocrx_word' id='word_1_207' title='bbox 260 2550 476 2631; x_wconf 88' lang='lat' dir='ltr'><strong>retinendum,</strong></span> <span class='ocrx_word' id='word_1_208' title='bbox 498 2573 695 2638; x_wconf 88' lang='lat' dir='ltr'><strong>quamquam</strong></span> <span class='ocrx_word' id='word_1_209' title='bbox 722 2553 848 2617; x_wconf 85' lang='lat' dir='ltr'><strong>videtur</strong></span> <span class='ocrx_word' id='word_1_210' title='bbox 871 2553 904 2616; x_wconf 93' lang='lat' dir='ltr'><strong>in</strong></span> <span class='ocrx_word' id='word_1_211' title='bbox 931 2553 1061 2619; x_wconf 69' lang='lat' dir='ltr'><strong>lexicis</strong></span> <span class='ocrx_word' id='word_1_212' title='bbox 1082 2553 1209 2621; x_wconf 79' lang='lat' dir='ltr'><strong>deell&#39;e:</strong></span> 
     </span>
     <span class='ocr_line' id='line_1_23' title="bbox 156 2654 1212 2748; baseline 0.002 -29"><span class='ocrx_word' id='word_1_213' title='bbox 156 2654 257 2720; x_wconf 85' lang='lat' dir='ltr'><strong>habet</strong></span> <span class='ocrx_word' id='word_1_214' title='bbox 282 2654 371 2721; x_wconf 89' lang='lat' dir='ltr'><strong>Plato</strong></span> <span class='ocrx_word' id='word_1_215' title='bbox 395 2657 477 2743; x_wconf 83' lang='lat' dir='ltr'><strong>Leg.</strong></span> <span class='ocrx_word' id='word_1_216' title='bbox 503 2657 581 2721; x_wconf 92' lang='lat' dir='ltr'><strong>VII.</strong></span> <span class='ocrx_word' id='word_1_217' title='bbox 607 2678 638 2743; x_wconf 93' lang='lat' dir='ltr'><strong>p.</strong></span> <span class='ocrx_word' id='word_1_218' title='bbox 660 2658 736 2739; x_wconf 91' lang='lat'><strong>640.</strong></span> <span class='ocrx_word' id='word_1_219' title='bbox 758 2657 806 2721; x_wconf 86' lang='lat' dir='ltr'><strong>B:</strong></span> <span class='ocrx_word' id='word_1_220' title='bbox 830 2657 987 2735; x_wconf 65' lang='grc' dir='ltr'><strong><em>συλλήξεως</em></strong></span> <span class='ocrx_word' id='word_1_221' title='bbox 1011 2661 1038 2721; x_wconf 76' lang='grc' dir='ltr'><strong>ὲν</strong></span> <span class='ocrx_word' id='word_1_222' title='bbox 1059 2657 1161 2748; x_wconf 64' lang='grc' dir='ltr'><strong><em>μίμοις</em></strong></span> <span class='ocrx_word' id='word_1_223' title='bbox 1178 2657 1212 2722; x_wconf 74' lang='lat' dir='ltr'><strong>ia</strong></span> 
     </span>
     <span class='ocr_line' id='line_1_24' title="bbox 123 2742 1211 2847; baseline 0.005 -25"><span class='ocrx_word' id='word_1_224' title='bbox 123 2742 129 2764; x_wconf 80' lang='grc'><em>’</em></span> <span class='ocrx_word' id='word_1_225' title='bbox 155 2769 242 2847; x_wconf 78' lang='lat' dir='ltr'><strong>porte</strong></span> <span class='ocrx_word' id='word_1_226' title='bbox 251 2757 395 2846; x_wconf 69' lang='lat' dir='ltr'><strong>corffortir&#39;.</strong></span> <span class='ocrx_word' id='word_1_227' title='bbox 421 2760 476 2823; x_wconf 86' lang='lat' dir='ltr'><strong>Ab</strong></span> <span class='ocrx_word' id='word_1_228' title='bbox 490 2759 694 2846; x_wconf 87' lang='lat' dir='ltr'><strong>ignoratione</strong></span> <span class='ocrx_word' id='word_1_229' title='bbox 705 2759 851 2824; x_wconf 85' lang='lat' dir='ltr'><strong>vocabuli</strong></span> <span class='ocrx_word' id='word_1_230' title='bbox 864 2775 934 2824; x_wconf 85' lang='lat' dir='ltr'><strong>orta</strong></span> <span class='ocrx_word' id='word_1_231' title='bbox 944 2760 986 2825; x_wconf 89' lang='lat' dir='ltr'><strong>est</strong></span> <span class='ocrx_word' id='word_1_232' title='bbox 998 2759 1086 2825; x_wconf 84' lang='lat' dir='ltr'><strong>varia</strong></span> <span class='ocrx_word' id='word_1_233' title='bbox 1097 2761 1211 2841; x_wconf 72' lang='lat' dir='ltr'><strong>lectio,-</strong></span> 
     </span>
     <span class='ocr_line' id='line_1_25' title="bbox 155 2850 798 2940; baseline -0.006 -13"><span class='ocrx_word' id='word_1_234' title='bbox 155 2863 194 2927; x_wconf 88' lang='lat' dir='ltr'><strong>T.</strong></span> <span class='ocrx_word' id='word_1_235' title='bbox 209 2861 248 2925; x_wconf 91' lang='lat' dir='ltr'><strong>B.</strong></span> <span class='ocrx_word' id='word_1_236' title='bbox 266 2859 334 2925; x_wconf 91' lang='lat' dir='ltr'><strong>Pol.</strong></span> <span class='ocrx_word' id='word_1_237' title='bbox 351 2860 486 2926; x_wconf 91' lang='lat' dir='ltr'><strong>Leonic.</strong></span> <span class='ocrx_word' id='word_1_238' title='bbox 502 2860 630 2926; x_wconf 89' lang='lat' dir='ltr'><strong>Schott.</strong></span> <span class='ocrx_word' id='word_1_239' title='bbox 646 2850 798 2940; x_wconf 74' lang='grc' dir='ltr'><strong><em>σύλληψις.</em></strong></span> 
     </span>
    </p>

    <p class='ocr_par' dir='ltr' id='par_1_6' title="bbox 155 2961 1209 3152">
     <span class='ocr_line' id='line_1_26' title="bbox 195 2961 1209 3051; baseline 0.008 -26"><span class='ocrx_word' id='word_1_240' title='bbox 195 2983 273 3050; x_wconf 75' lang='grc'><strong>390.</strong></span> <span class='ocrx_word' id='word_1_241' title='bbox 290 2963 329 3027; x_wconf 91' lang='lat' dir='ltr'><strong>C.</strong></span> <span class='ocrx_word' id='word_1_242' title='bbox 353 2965 399 3026; x_wconf 75' lang='grc' dir='ltr'><strong>τὸν</strong></span> <span class='ocrx_word' id='word_1_243' title='bbox 413 2961 599 3051; x_wconf 65' lang='lat' dir='ltr'><strong>‘&#39;Ouaque—J</strong></span> <span class='ocrx_word' id='word_1_244' title='bbox 624 2963 717 3027; x_wconf 85' lang='lat' dir='ltr'><strong>Iliad.</strong></span> <span class='ocrx_word' id='word_1_245' title='bbox 737 2968 778 3027; x_wconf 91' lang='lat' dir='ltr'><strong>O.</strong></span> <span class='ocrx_word' id='word_1_246' title='bbox 798 2984 868 3050; x_wconf 91' lang='lat'><strong>109.</strong></span> <span class='ocrx_word' id='word_1_247' title='bbox 906 2963 1065 3029; x_wconf 83' lang='lat' dir='ltr'><strong>Eamdem</strong></span> <span class='ocrx_word' id='word_1_248' title='bbox 1089 2967 1209 3034; x_wconf 58' lang='lat' dir='ltr'><strong>autito·</strong></span> 
     </span>
     <span class='ocr_line' id='line_1_27' title="bbox 155 3064 985 3152; baseline -0.005 -21"><span class='ocrx_word' id='word_1_249' title='bbox 155 3066 284 3131; x_wconf 88' lang='lat' dir='ltr'><strong>ritatem</strong></span> <span class='ocrx_word' id='word_1_250' title='bbox 300 3065 417 3152; x_wconf 86' lang='lat' dir='ltr'><strong>repetit</strong></span> <span class='ocrx_word' id='word_1_251' title='bbox 432 3065 625 3130; x_wconf 84' lang='lat' dir='ltr'><strong>Plutarchus</strong></span> <span class='ocrx_word' id='word_1_252' title='bbox 640 3064 717 3129; x_wconf 75' lang='lat' dir='ltr'><strong>Des.</strong></span> <span class='ocrx_word' id='word_1_253' title='bbox 734 3065 792 3131; x_wconf 88' lang='lat' dir='ltr'><strong>Or.</strong></span> <span class='ocrx_word' id='word_1_254' title='bbox 809 3087 841 3150; x_wconf 88' lang='lat' dir='ltr'><strong>p.</strong></span> <span class='ocrx_word' id='word_1_255' title='bbox 854 3084 931 3146; x_wconf 77' lang='lat'><strong>422.</strong></span> <span class='ocrx_word' id='word_1_256' title='bbox 947 3066 985 3128; x_wconf 84' lang='lat' dir='ltr'><strong>E.</strong></span> 
     </span>
    </p>

    <p class='ocr_par' dir='ltr' id='par_1_7' title="bbox 151 3166 1212 3662">
     <span class='ocr_line' id='line_1_28' title="bbox 197 3166 1210 3255; baseline 0.003 -23"><span class='ocrx_word' id='word_1_257' title='bbox 197 3188 273 3254; x_wconf 85' lang='lat'><strong>390.</strong></span> <span class='ocrx_word' id='word_1_258' title='bbox 295 3166 335 3232; x_wconf 94' lang='lat' dir='ltr'><strong>C.</strong></span> <span class='ocrx_word' id='word_1_259' title='bbox 358 3168 517 3254; x_wconf 66' lang='grc' dir='ltr'><strong><em>Εὐριπίδης]</em></strong></span> <span class='ocrx_word' id='word_1_260' title='bbox 544 3167 663 3234; x_wconf 86' lang='lat' dir='ltr'>Rursus</span> <span class='ocrx_word' id='word_1_261' title='bbox 685 3168 819 3254; x_wconf 90' lang='lat' dir='ltr'><strong>apponit</strong></span> <span class='ocrx_word' id='word_1_262' title='bbox 839 3169 917 3232; x_wconf 91' lang='lat' dir='ltr'><strong>Def.</strong></span> <span class='ocrx_word' id='word_1_263' title='bbox 941 3167 998 3233; x_wconf 90' lang='lat' dir='ltr'><strong>Or.</strong></span> <span class='ocrx_word' id='word_1_264' title='bbox 1014 3189 1048 3254; x_wconf 90' lang='lat' dir='ltr'><strong>p.</strong></span> <span class='ocrx_word' id='word_1_265' title='bbox 1064 3171 1210 3255; x_wconf 78' lang='lat' dir='ltr'><strong>431..A.</strong></span> 
     </span>
     <span class='ocr_line' id='line_1_29' title="bbox 154 3269 1212 3359; baseline 0.004 -23"><span class='ocrx_word' id='word_1_266' title='bbox 154 3269 358 3358; x_wconf 80' lang='lat' dir='ltr'><strong>Musgrarius</strong></span> <span class='ocrx_word' id='word_1_267' title='bbox 373 3270 483 3334; x_wconf 87' lang='lat' dir='ltr'><strong>referri</strong></span> <span class='ocrx_word' id='word_1_268' title='bbox 498 3271 625 3336; x_wconf 85' lang='lat' dir='ltr'><strong>volebat</strong></span> <span class='ocrx_word' id='word_1_269' title='bbox 635 3271 676 3335; x_wconf 91' lang='lat' dir='ltr'><strong>ad</strong></span> <span class='ocrx_word' id='word_1_270' title='bbox 689 3271 797 3358; x_wconf 84' lang='lat' dir='ltr'><strong>Iphig.</strong></span> <span class='ocrx_word' id='word_1_271' title='bbox 815 3270 927 3336; x_wconf 88' lang='lat' dir='ltr'><strong>Aulid.</strong></span> <span class='ocrx_word' id='word_1_272' title='bbox 939 3270 1013 3354; x_wconf 86' lang='lat'><strong>870.</strong></span> <span class='ocrx_word' id='word_1_273' title='bbox 1028 3270 1148 3359; x_wconf 87' lang='lat' dir='ltr'><strong>ibique</strong></span> <span class='ocrx_word' id='word_1_274' title='bbox 1162 3294 1212 3340; x_wconf 78' lang='lat' dir='ltr'><strong>ro·</strong></span> 
     </span>
     <span class='ocr_line' id='line_1_30' title="bbox 152 3370 1211 3466; baseline 0.006 -30"><span class='ocrx_word' id='word_1_275' title='bbox 152 3370 356 3460; x_wconf 87' lang='lat' dir='ltr'><strong>ponendum,</strong></span> <span class='ocrx_word' id='word_1_276' title='bbox 380 3375 419 3435; x_wconf 85' lang='lat'><strong>&#39;0</strong></span> <span class='ocrx_word' id='word_1_277' title='bbox 447 3371 532 3458; x_wconf 75' lang='grc' dir='ltr'><strong><em>λόγος</em></strong></span> <span class='ocrx_word' id='word_1_278' title='bbox 557 3376 594 3447; x_wconf 73' lang='grc' dir='ltr'><strong>εἷς</strong></span> <span class='ocrx_word' id='word_1_279' title='bbox 617 3372 747 3455; x_wconf 75' lang='grc' dir='ltr'><strong><em>μέλλοντ’</em></strong></span> <span class='ocrx_word' id='word_1_280' title='bbox 773 3372 911 3447; x_wconf 79' lang='grc' dir='ltr'><strong><em>ἀνοιστέος</em></strong></span> <span class='ocrx_word' id='word_1_281' title='bbox 932 3370 1040 3466; x_wconf 73' lang='grc' dir='ltr'><strong><em>χρόνον·</em></strong></span> <span class='ocrx_word' id='word_1_282' title='bbox 1075 3396 1141 3461; x_wconf 86' lang='lat' dir='ltr'><strong>pro</strong></span> <span class='ocrx_word' id='word_1_283' title='bbox 1167 3398 1211 3443; x_wconf 79' lang='lat'><strong>00</strong></span> 
     </span>
     <span class='ocr_line' id='line_1_31' title="bbox 151 3471 1208 3566; baseline 0.001 -28"><span class='ocrx_word' id='word_1_284' title='bbox 151 3472 241 3560; x_wconf 93' lang='lat' dir='ltr'><strong>quod</strong></span> <span class='ocrx_word' id='word_1_285' title='bbox 263 3494 349 3536; x_wconf 90' lang='lat' dir='ltr'><strong>nunc</strong></span> <span class='ocrx_word' id='word_1_286' title='bbox 372 3471 502 3560; x_wconf 86' lang='lat' dir='ltr'><strong>legitur,</strong></span> <span class='ocrx_word' id='word_1_287' title='bbox 520 3477 560 3537; x_wconf 87' lang='lat' dir='ltr'><strong>‘O</strong></span> <span class='ocrx_word' id='word_1_288' title='bbox 575 3473 658 3559; x_wconf 78' lang='grc' dir='ltr'><strong><em>λόγος</em></strong></span> <span class='ocrx_word' id='word_1_289' title='bbox 674 3480 710 3550; x_wconf 74' lang='grc' dir='ltr'><strong>οἷς</strong></span> <span class='ocrx_word' id='word_1_290' title='bbox 724 3476 854 3558; x_wconf 77' lang='grc' dir='ltr'><strong><em>μέλλοντ’</em></strong></span> <span class='ocrx_word' id='word_1_291' title='bbox 868 3473 902 3538; x_wconf 71' lang='lat' dir='ltr'><strong>clv</strong></span> <span class='ocrx_word' id='word_1_292' title='bbox 916 3472 973 3562; x_wconf 63' lang='grc' dir='ltr'><strong>ὤσῃ</strong></span> <span class='ocrx_word' id='word_1_293' title='bbox 986 3473 1101 3562; x_wconf 61' lang='grc' dir='ltr'><strong><em>χρόνον·</em></strong></span> <span class='ocrx_word' id='word_1_294' title='bbox 1127 3500 1208 3566; x_wconf 70' lang='lat' dir='ltr'><strong>quoe</strong></span> 
     </span>
     <span class='ocr_line' id='line_1_32' title="bbox 151 3575 637 3662; baseline -0.002 -21"><span class='ocrx_word' id='word_1_295' title='bbox 151 3575 290 3641; x_wconf 85' lang='lat' dir='ltr'><strong>mutatio</strong></span> <span class='ocrx_word' id='word_1_296' title='bbox 304 3575 378 3640; x_wconf 89' lang='lat' dir='ltr'><strong>sane</strong></span> <span class='ocrx_word' id='word_1_297' title='bbox 392 3575 567 3662; x_wconf 90' lang='lat' dir='ltr'><strong>probabilis</strong></span> <span class='ocrx_word' id='word_1_298' title='bbox 583 3577 637 3640; x_wconf 91' lang='lat' dir='ltr'><strong>est.</strong></span> 
     </span>
    </p>

    <p class='ocr_par' dir='ltr' id='par_1_8' title="bbox 88 3679 1213 4385">
     <span class='ocr_line' id='line_1_33' title="bbox 194 3679 1210 3767; baseline 0.01 -25"><span class='ocrx_word' id='word_1_299' title='bbox 194 3700 271 3767; x_wconf 85' lang='lat'><strong>390.</strong></span> <span class='ocrx_word' id='word_1_300' title='bbox 286 3679 333 3760; x_wconf 91' lang='lat' dir='ltr'><strong>D,</strong></span> <span class='ocrx_word' id='word_1_301' title='bbox 349 3680 387 3742; x_wconf 88' lang='lat' dir='ltr'><strong>E.</strong></span> <span class='ocrx_word' id='word_1_302' title='bbox 402 3680 483 3742; x_wconf 63' lang='lat' dir='ltr'><strong>‘Duil</strong></span> <span class='ocrx_word' id='word_1_303' title='bbox 497 3683 557 3767; x_wconf 66' lang='grc' dir='ltr'><strong>γὰρ</strong></span> <span class='ocrx_word' id='word_1_304' title='bbox 571 3683 598 3742; x_wconf 71' lang='grc' dir='ltr'><strong>ἐν</strong></span> <span class='ocrx_word' id='word_1_305' title='bbox 610 3680 829 3766; x_wconf 76' lang='grc' dir='ltr'><strong><em>μήκει-ζῶον]</em></strong></span> <span class='ocrx_word' id='word_1_306' title='bbox 848 3679 1078 3766; x_wconf 83' lang='lat' dir='ltr'><strong>Comparanda</strong></span> <span class='ocrx_word' id='word_1_307' title='bbox 1094 3685 1210 3751; x_wconf 78' lang='lat' dir='ltr'><strong>rursm</strong></span> 
     </span>
     <span class='ocr_line' id='line_1_34' title="bbox 148 3783 1209 3873; baseline 0.007 -23"><span class='ocrx_word' id='word_1_308' title='bbox 148 3785 289 3873; x_wconf 71' lang='lat' dir='ltr'><strong>gemina</strong></span> <span class='ocrx_word' id='word_1_309' title='bbox 310 3803 383 3871; x_wconf 83' lang='lat' dir='ltr'><strong>para</strong></span> <span class='ocrx_word' id='word_1_310' title='bbox 404 3783 629 3869; x_wconf 85' lang='lat' dir='ltr'><strong>disputationis</strong></span> <span class='ocrx_word' id='word_1_311' title='bbox 643 3784 721 3849; x_wconf 85' lang='lat' dir='ltr'><strong>Def.</strong></span> <span class='ocrx_word' id='word_1_312' title='bbox 738 3785 833 3851; x_wconf 89' lang='lat' dir='ltr'><strong>Orac.</strong></span> <span class='ocrx_word' id='word_1_313' title='bbox 855 3806 889 3871; x_wconf 88' lang='lat' dir='ltr'><strong>p.</strong></span> <span class='ocrx_word' id='word_1_314' title='bbox 905 3803 982 3871; x_wconf 81' lang='lat'><strong>429.</strong></span> <span class='ocrx_word' id='word_1_315' title='bbox 1002 3788 1041 3850; x_wconf 89' lang='lat' dir='ltr'><strong>E.</strong></span> <span class='ocrx_word' id='word_1_316' title='bbox 1090 3788 1209 3857; x_wconf 82' lang='lat' dir='ltr'><strong>Adni-</strong></span> 
     </span>
     <span class='ocr_line' id='line_1_35' title="bbox 151 3886 1210 3977; baseline -0.002 -24"><span class='ocrx_word' id='word_1_317' title='bbox 151 3889 265 3953; x_wconf 89' lang='lat' dir='ltr'><strong>beatur</strong></span> <span class='ocrx_word' id='word_1_318' title='bbox 287 3886 434 3975; x_wconf 88' lang='lat' dir='ltr'><strong>Sympos.</strong></span> <span class='ocrx_word' id='word_1_319' title='bbox 453 3887 512 3951; x_wconf 89' lang='lat' dir='ltr'><strong>IX.</strong></span> <span class='ocrx_word' id='word_1_320' title='bbox 527 3906 561 3967; x_wconf 88' lang='lat'><strong>4.</strong></span> <span class='ocrx_word' id='word_1_321' title='bbox 575 3908 609 3974; x_wconf 94' lang='lat' dir='ltr'><strong>p.</strong></span> <span class='ocrx_word' id='word_1_322' title='bbox 624 3887 698 3972; x_wconf 81' lang='lat'><strong>738.</strong></span> <span class='ocrx_word' id='word_1_323' title='bbox 715 3888 753 3950; x_wconf 86' lang='lat' dir='ltr'><strong>E.</strong></span> <span class='ocrx_word' id='word_1_324' title='bbox 800 3888 890 3952; x_wconf 89' lang='lat' dir='ltr'><strong>Plato</strong></span> <span class='ocrx_word' id='word_1_325' title='bbox 904 3886 1057 3973; x_wconf 87' lang='lat' dir='ltr'><strong>Epinom.</strong></span> <span class='ocrx_word' id='word_1_326' title='bbox 1076 3911 1110 3976; x_wconf 90' lang='lat' dir='ltr'><strong>p.</strong></span> <span class='ocrx_word' id='word_1_327' title='bbox 1123 3907 1210 3977; x_wconf 59' lang='grc' dir='ltr'><strong>μσς,</strong></span> 
     </span>
     <span class='ocr_line' id='line_1_36' title="bbox 148 3988 1210 4075; baseline 0 -19"><span class='ocrx_word' id='word_1_328' title='bbox 148 3993 188 4056; x_wconf 83' lang='lat' dir='ltr'><strong>E.</strong></span> <span class='ocrx_word' id='word_1_329' title='bbox 211 4011 287 4055; x_wconf 88' lang='lat' dir='ltr'><strong>cum</strong></span> <span class='ocrx_word' id='word_1_330' title='bbox 310 3988 442 4054; x_wconf 82' lang='lat' dir='ltr'><strong>Martilii</strong></span> <span class='ocrx_word' id='word_1_331' title='bbox 464 3988 565 4054; x_wconf 82' lang='lat' dir='ltr'><strong>licini</strong></span> <span class='ocrx_word' id='word_1_332' title='bbox 587 3988 813 4075; x_wconf 83' lang='lat' dir='ltr'><strong>explicatione.</strong></span> <span class='ocrx_word' id='word_1_333' title='bbox 851 3989 968 4055; x_wconf 90' lang='lat' dir='ltr'><strong>Joach.</strong></span> <span class='ocrx_word' id='word_1_334' title='bbox 989 3990 1210 4064; x_wconf 72' lang='lat' dir='ltr'><strong>Camerariu·</strong></span> 
     </span>
     <span class='ocr_line' id='line_1_37' title="bbox 147 4090 1212 4186; baseline 0.003 -30"><span class='ocrx_word' id='word_1_335' title='bbox 147 4091 189 4156; x_wconf 87' lang='lat' dir='ltr'><strong>ad</strong></span> <span class='ocrx_word' id='word_1_336' title='bbox 201 4091 376 4158; x_wconf 81' lang='lat' dir='ltr'><strong>lamblichi</strong></span> <span class='ocrx_word' id='word_1_337' title='bbox 391 4093 615 4157; x_wconf 80' lang='lat' dir='ltr'><strong>commentar.</strong></span> <span class='ocrx_word' id='word_1_338' title='bbox 629 4090 664 4157; x_wconf 90' lang='lat' dir='ltr'><strong>in</strong></span> <span class='ocrx_word' id='word_1_339' title='bbox 678 4092 874 4159; x_wconf 87' lang='lat' dir='ltr'><strong>Nicomach.</strong></span> <span class='ocrx_word' id='word_1_340' title='bbox 889 4113 924 4181; x_wconf 91' lang='lat' dir='ltr'><strong>p.</strong></span> <span class='ocrx_word' id='word_1_341' title='bbox 935 4107 990 4178; x_wconf 89' lang='lat'><strong>47,</strong></span> <span class='ocrx_word' id='word_1_342' title='bbox 1003 4094 1060 4175; x_wconf 81' lang='lat'><strong>48.</strong></span> <span class='ocrx_word' id='word_1_343' title='bbox 1099 4097 1212 4186; x_wconf 68' lang='lat' dir='ltr'><strong>Quod</strong></span> 
     </span>
     <span class='ocr_line' id='line_1_38' title="bbox 88 4183 1212 4286; baseline 0.006 -26"><span class='ocrx_word' id='word_1_344' title='bbox 88 4183 91 4189; x_wconf 40' lang='lat'>¹</span> <span class='ocrx_word' id='word_1_345' title='bbox 147 4208 259 4260; x_wconf 86' lang='lat' dir='ltr'><strong>autem</strong></span> <span class='ocrx_word' id='word_1_346' title='bbox 281 4214 340 4282; x_wconf 92' lang='lat' dir='ltr'><strong>pro</strong></span> <span class='ocrx_word' id='word_1_347' title='bbox 362 4195 449 4262; x_wconf 80' lang='grc' dir='ltr'><strong><em>διιιδι</em></strong></span> <span class='ocrx_word' id='word_1_348' title='bbox 471 4198 647 4284; x_wconf 77' lang='lat' dir='ltr'><strong>probamus</strong></span> <span class='ocrx_word' id='word_1_349' title='bbox 667 4197 766 4277; x_wconf 72' lang='grc' dir='ltr'><strong>ιὶπόν,</strong></span> <span class='ocrx_word' id='word_1_350' title='bbox 787 4219 845 4262; x_wconf 81' lang='lat' dir='ltr'><strong>rea</strong></span> <span class='ocrx_word' id='word_1_351' title='bbox 874 4197 940 4286; x_wconf 88' lang='lat' dir='ltr'><strong>ipsa</strong></span> <span class='ocrx_word' id='word_1_352' title='bbox 966 4208 1001 4262; x_wconf 89' lang='lat' dir='ltr'><strong>et</strong></span> <span class='ocrx_word' id='word_1_353' title='bbox 1028 4195 1212 4271; x_wconf 73' lang='lat' dir='ltr'><strong>literarum·</strong></span> 
     </span>
     <span class='ocr_line' id='line_1_39' title="bbox 145 4295 1213 4385; baseline 0.007 -22"><span class='ocrx_word' id='word_1_354' title='bbox 145 4297 319 4364; x_wconf 77' lang='lat' dir='ltr'><strong>amititudo</strong></span> <span class='ocrx_word' id='word_1_355' title='bbox 335 4295 408 4385; x_wconf 79' lang='lat' dir='ltr'><strong>jam</strong></span> <span class='ocrx_word' id='word_1_356' title='bbox 431 4299 556 4368; x_wconf 78' lang='lat' dir='ltr'><strong>Reissrio</strong></span> <span class='ocrx_word' id='word_1_357' title='bbox 576 4298 751 4383; x_wconf 84' lang='lat' dir='ltr'><strong>obtulerat,</strong></span> <span class='ocrx_word' id='word_1_358' title='bbox 774 4301 869 4368; x_wconf 74' lang='lat' dir='ltr'><strong>nobie</strong></span> <span class='ocrx_word' id='word_1_359' title='bbox 891 4301 991 4369; x_wconf 87' lang='lat' dir='ltr'><strong>etiam</strong></span> <span class='ocrx_word' id='word_1_360' title='bbox 1016 4300 1213 4376; x_wconf 66' lang='lat' dir='ltr'><strong>observatio</strong></span> 
     </span>
    </p>
   </div>
   <div class='ocr_carea' id='block_1_5' title="bbox 0 0 1362 4770">
    <p class='ocr_par' dir='ltr' id='par_1_9' title="bbox 0 0 1362 4770">
     <span class='ocr_line' id='line_1_40' title="bbox 0 0 1362 4770; baseline 0 7"><span class='ocrx_word' id='word_1_361' title='bbox 0 0 1362 4770; x_wconf 95' lang='lat' dir='ltr'><strong> </strong></span> 
     </span>
    </p>
   </div>
  </div>
 </body>
</html>
