2714 4770
216 311 271 372 DE
293 313 398 372 SERA'
412 313 595 374 NUMINIS
613 312 824 404 mntem:
837 316 867 394 p.
881 311 951 391 569.
964 313 1000 375 Α.
1072 333 1135 394 409

70 475 71 478 ’
94 473 356 552 commonebant,
377 472 557 543 maximum
578 471 637 538 elle
659 486 861 538 momentum
884 473 925 539 ad
946 474 1130 562 generosam

95 572 220 661 stirpem
232 575 473 662 procreandam,
488 589 527 641 ut
539 577 622 641 bene
636 574 746 641 animo
760 588 858 663 atque
879 599 1014 663 corpore
1028 576 1132 643 affeffi
1141 586 1190 650 85

95 675 136 740 ad
149 678 391 764 generationem
407 677 614 758 accedamu83
628 677 718 766 quod
733 677 808 743 vitia
820 692 917 766 atque
932 679 1064 744 virtutes
1075 701 1134 767 pa·

94 795 222 846 rentum
245 782 278 846 in
300 781 476 858 liberorum
500 781 629 870 ingenia
651 781 828 847 tranfireut.
868 780 952 847 Vide
967 781 1134 854 Platonem
1211 826 1217 835 ·
1255 800 1258 806 ·

15 879 19 886 ’
94 882 175 968 Leg.
193 883 293 957 L.11.
309 908 343 972 p.
355 886 432 970 584.
444 887 485 949 E.
500 871 561 949 Vl.
576 905 609 971 p.
623 884 699 950 622.
715 884 829 948 Β-Ι).
843 894 878 947 et
888 884 964 968 623.
979 883 1019 948 C.
1042 885 1136 948 ⁸Per-

94 982 176 1048 tinet
197 983 238 1049 ad
260 986 344 1051 hanc
362 1009 430 1051 rem
449 987 541 1052 locun
559 985 764 1051 bAristoneui
779 1008 832 1072 ap.
849 985 941 1051 Stob.
957 987 992 1051 S.
1008 985 1134 1050 XCIX.

95 1108 129 1170 p·
145 1102 209 1171 549
219 1095 384 1153 cenom
397 1091 424 1153 δὲ
439 1089 507 1153 είναι
522 1093 549 1152 lv
564 1090 600 1163 οίς
615 1093 630 1162 ἦ
645 1088 781 1170 ὀψιμαθίαν
798 1089 858 1153 ἔστί
875 1088 1004 1167 βελτίων,
1021 1088 1073 1152 tlon
1086 1089 1135 1151 καί

94 1190 125 1251 τὸ
146 1196 196 1253 τοῦ
215 1192 415 1278 ίιφροδνσιοίζειν
433 1197 565 1279 πρᾶγμα·
590 1191 646 1254 δίον
664 1190 709 1254 οὗν
727 1192 787 1254 ίστί
800 1192 899 1264 παῖδας
918 1187 1002 1264 οὕτως
1016 1188 1135 1275 ἄγεσθαι
1160 1199 1163 1204 ’

14 1304 17 1316 ’
94 1293 139 1353 lul
152 1299 207 1355 τῶν
221 1292 381 1375 ἀσωμάτων
398 1293 554 1380 ἀσχόλους,
568 1291 641 1357 olm
653 1297 692 1376 μὴ
704 1292 784 1376 μόνον
798 1297 836 1376 μὴ
852 1295 952 1374 ζητεῖν,
966 1293 1035 1355 ἄλλ’
1050 1296 1072 1355 εί
1086 1295 1135 1356 lu·

91 1395 176 1456 νατόν
189 1396 256 1477 μηδὲ
272 1395 338 1460 eluat
357 1387 404 1475 τὴν
421 1396 548 1474 τοιαύτην
562 1395 709 1460 συνουσίαν
723 1398 795 1470 ίντός
809 1394 910 1458 είκοσιν
922 1398 1001 1458 ἑτῶν·
1022 1393 1089 1458 ὅταν
1108 1394 1136 1459 di

93 1498 142 1559 καί
165 1502 206 1573 νίς
222 1506 304 1562 τοῦτο
320 1497 467 1582 ἀφίκηται,
489 1498 612 1575 στανίονς
636 1499 702 1563 είνοιι
723 1499 864 1584 χρηστίον
884 1499 941 1571 τοῖς
961 1497 1136 1584 ἀφροδισίοις·

93 1600 176 1663 τοῦτο’
195 1627 253 1687 γαρ
275 1600 340 1688 τρίς
360 1628 391 1666 τε
412 1606 460 1680 τὴν
481 1601 636 1687 γεννώντων
655 1602 703 1663 καί
722 1597 923 1685 γεννησομίνων
941 1597 1046 1677 εὐεξίαν
1065 1601 1151 1664 πολὺ·

94 1704 322 1784 συμβάλλεσθαι·
348 1704 429 1790 ἔλεγε
451 1705 478 1766 δὲ
501 1704 548 1767 καί
567 1704 639 1785 pirre
656 1707 756 1791 τροφῆς
773 1702 843 1784 μήτε
863 1699 947 1783 με’ίος
965 1701 1053 1788 πλήρη
1074 1704 1138 1777 ταῖς

93 1808 218 1889 γυναιξὶν
240 1810 276 1880 είς
297 1805 330 1869 τί
351 1811 451 1891 γεννᾴν
473 1809 588 1888 ὁμιλεῖν·
615 1809 726 1892 οὐγὰρ
751 1808 787 1884 (οἲ
808 1806 882 1884 ταῖς)
907 1806 938 1865 ἐκ
960 1804 1066 1884 φαύλης
1088 1806 1136 1869 καί

94 1907 259 1988 ἀσυμφώνοιί
280 1907 329 1971 καί
348 1906 529 2002 ταραχώδους
550 1906 675 1992 κράσεως
690 1904 808 1992 εὔρυθμα
823 1907 870 1969 καί
885 1909 976 1984 καλαὶ,
991 1907 1059 1969 ἀλλ’
1078 1907 1137 1970 οὐδὲ
1204 1902 1210 1907 ’
1298 1952 1304 1959 -

59 1997 63 2014 '
94 2010 191 2091 ἀγαθὰ
210 2013 258 2085 τὴν
276 2011 368 2097 ἀρχὴν
388 2008 508 2094 γίνεται.
551 2009 659 2073 Verba
679 2021 833 2094 corrupta
846 2005 893 2071 ita
907 2006 1160 2071 restituae—nh

93 2116 143 2174 τοῦ
162 2112 361 2196 ἀφροδισιάζειν
381 2117 515 2199 πρᾶγμα·
538 2113 591 2175 δεῖν
612 2110 658 2176 οὖν
677 2111 717 2174 ίτι
738 2113 839 2185 παῖδας
860 2109 938 2185 ὄντας
959 2109 1078 2194 ἄγεσθαι
1092 2111 1141 2172 tul

94 2223 148 2278 τῶν
170 2216 342 2300 ἀσκημάτων
361 2218 505 2304 ιὀσχίλους
518 2244 549 2282 ιι.
563 2244 593 2282 τ.
608 2232 639 2282 λ.
682 2217 873 2300 Ἀσκημοίτων
885 2238 925 2281 ex
940 2215 1023 2282 Cod.
1043 2215 1136 2281 Paris.

93 2316 135 2381 ad
158 2318 338 2406 marginem
357 2319 430 2385 libri
450 2320 497 2386 sui
517 2319 682 2385 annotavit
701 2317 851 2384 Grotius.
892 2320 974 2383 Mox
989 2318 1056 2405 post
1068 2318 1137 2401 μηδὲ
1244 2352 1247 2359 «

94 2419 174 2500 εἶναι,
199 2420 401 2488 inserendum
423 2423 549 2507 ν’ςγοῑσθαι
570 2419 620 2486 vel
642 2419 753 2498 fimile,
774 2434 812 2485 ut
833 2419 912 2485 vidit
933 2419 1031 2485 etiam
1054 2420 1136 2485 Ges·

95 2545 210 2588 nerusr
235 2538 303 2602 aut,
326 2546 385 2610 pro
407 2524 475 2588 είναι
497 2521 674 2609 legendum
695 2522 790 2586 εἰδέναι
799 2520 828 2587 ό.
869 2522 1021 2610 Denique
1038 2545 1097 2610 ppo
1112 2525 1137 2586 οί

92 2629 156 2696 ταῖς
181 2623 356 2711 legendum
382 2624 435 2688 οίοι
456 2650 499 2702 τε,
523 2623 611 2688 etin
635 2624 696 2687 fine
717 2623 862 2708 γίνεσθαιι
892 2644 1029 2709 quorum
1054 2623 1136 2688 illud

93 2725 191 2791 etiam
207 2726 328 2791 viderat
342 2728 385 2792 G.
397 2729 500 2792 Koen.
515 2725 556 2790 ad
567 2724 717 2790 Corinth.
730 2723 818 2791 Dial.
834 2746 869 2811 p.
881 2725 935 2811 65.
973 2728 1082 2805 Porro,
1098 2739 1136 2791 ut

93 2829 127 2893 in
143 2851 209 2893 rem
224 2830 414 2915 praesentem
429 2827 604 2907 veniamus,
616 2826 776 2892 consentit
786 2848 862 2891 cum
880 2826 1051 2892 Plutarcho
1064 2826 1135 2914 ejus

93 2930 214 3011 histrio,
237 2931 398 2996 recentior
420 2929 588 2996 Graeculua
608 2929 664 3016 qui
678 2928 780 2993 initio
801 2927 873 2994 libri
894 2927 936 2993 de
955 2928 1136 2994 Nobilitate

92 3053 146 3119 ap.
160 3032 253 3098 Stob.
269 3033 303 3097 S.
317 3033 506 3097 LXXXVI.
522 3030 619 3096 docet
630 3028 775 3108 λεληθυίας
788 3034 864 3105 τινας
876 3031 1034 3116 ἆρχείςααί
1049 3030 1136 3118 στέρ-

91 3161 174 3218 ματα
192 3141 288 3222 αρετῆς
308 3134 605 3218 συγκαταβάλλισίαι
625 3136 682 3208 τοῖς
700 3133 886 3219 γεννωμένοις,
900 3131 992 3220 ὥσπερ
1012 3136 1135 3219 τῷὝη·

91 3238 215 3326 λεμίιχορ
233 3240 265 3303 τί
284 3237 454 3316 Ὀδυσσίως,
469 3239 508 3320 ἐφ’
528 3237 559 3301 οὗ
578 3237 626 3300 καί
647 3235 719 3300 τοίνυ
736 3236 774 3320 (f.
795 3235 825 3300 εὗ
845 3236 927 3316 πάνυ,
948 3236 1078 3324 egregie)
1095 3239 1135 3322 τῷ

92 3341 205 3424 ίνίματι
223 3344 262 3426 (ὁ)
280 3344 389 3419 ποιητὴς
410 3338 525 3425 είρνμιεν,
541 3338 656 3426 Πατρός
675 3338 841 3402 ίνέστακται
859 3336 939 3422 με’νος
952 3335 994 3416 ἠΰ,
1009 3340 1044 3413 ὥς
1060 3336 1136 3402 οἲνίν

91 3447 154 3519 ταῖς
168 3439 335 3531 σπερμάτων
350 3443 461 3528 ὀλίγαις
475 3439 600 3526 σταγόσι
616 3441 665 3504 καὶ
684 3448 738 3505 τῶν
757 3445 854 3525 ἀρετῆς
872 3440 1035 3528 συρρείιτων
1054 3444 1134 3527 ἀγα·

92 3548 154 3611 ίῶν.
190 3545 285 3611 Adde
306 3545 527 3612 Jamblichum
546 3543 616 3609 Vit.
640 3543 1017 3632 Pythag.c.212‚213.
1056 3544 1134 3608 Pro·

92 3649 182 3714 olum
195 3648 236 3714 ad
253 3649 381 3716 Hefiod.
397 3649 419 3714 l.
436 3672 466 3715 c.
483 3671 516 3737 p.
534 3666 593 3734 157
604 3660 629 3712 θ.
1100 3637 1102 3643 ’

127 3795 138 3818 ·
155 3780 245 3834 AEnear
258 3784 320 3834 Gaz.
332 3801 356 3848 p.
368 3795 409 3837 99.
639 3784 747 3846 pleniora
758 3783 821 3830 sunt.

125 3867 138 3901 l
155 3868 289 3916 Aristoxeni
303 3867 387 3915 locum
404 3864 588 3915 tentavitetiam
671 3863 683 3896 ¹¹
700 3860 752 3910 ιίνιι
767 3874 792 3911 et
810 3859 885 3908 ιίδίιιιι
903 3863 997 3911 conius.
1016 3864 1040 3911 in
1061 3864 1135 3927 Πίος.

92 3951 125 4000 cl.
139 3949 248 3998 Eldikiue
259 3949 328 4011 Spec.
339 3947 431 4009 Suspic.
442 3959 466 3994 c.
476 3957 499 3995 u.
515 3961 538 4008 p·
552 3955 590 3994 14.
639 3946 666 3993 L.
678 3945 746 3993 Vlll.
755 3953 797 4002 99,
806 3954 830 3992 et
838 3952 880 3992 σο.
891 3943 1019 4006 utrobique
1029 3945 1134 3995 alterum

93 4032 230 4081 Aristoxeni
248 4032 317 4079 locun
331 4040 364 4078 ex
383 4028 470 4076 Ocello
488 4030 589 4078 Lucano
639 4028 813 4076 restituendum
827 4025 875 4074 Dio
888 4025 947 4074 Chr.
958 4026 1026 4076 Vlll.
1039 4036 1093 4077 193.
1104 4026 1134 4076 0.

93 4118 227 4165 desumtus.
238 4130 262 4177 p·
273 4123 329 4163 5³4.
341 4113 378 4160 ed.
390 4111 445 4160 Gal.
535 4162 537 4166 ‚
637 4106 702 4169 palla
711 4108 759 4171 leg.
767 4107 815 4167 μίν.
947 4167 951 4179 Ι

127 4207 137 4230 ²
149 4198 222 4259 Atqui
232 4198 318 4244 eadem
330 4208 361 4241 ex
373 4193 516 4240 Aristoxeno
524 4191 590 4242 sum·
671 4200 681 4225 ⁸
698 4191 834 4247 PhiloJud·
847 4198 904 4244 999.
915 4192 943 4240 Ε.
965 4186 968 4190 ’
987 4201 990 4207 ·

64 4268 66 4271 ’
95 4281 123 4329 n
140 4280 275 4328 ramum.
293 4277 323 4328 v.
344 4277 369 4323 r.
391 4286 449 4335 σου,
467 4285 524 4325 no.
547 4273 590 4324 uu
