2714 4770
540 348 801 408 ramatum.
1132 365 1192 428 ²99

147 487 353 574 insanabilem
369 507 469 575 animi
482 522 654 596 erumpant
669 509 830 574 morbum.
876 505 962 572 Cum
978 525 1052 573 vern
1068 505 1192 575 videret

148 608 313 699 integmm
333 609 575 699 perfectumque
591 609 726 678 Justitiae
745 631 865 676 munus
881 609 914 674 in
928 607 1027 696 hujus
1043 608 1115 674 vita
1130 629 1189 674 an·

148 711 260 800 gustiia
293 711 410 779 absolvi
439 735 505 778 non
531 712 629 800 posse,
658 712 693 777 id
722 712 777 777 sibi
808 709 916 778 sumsit
941 709 1030 798 quod
1056 711 1197 798 praesent

150 814 330 902 Epicureus
354 837 521 902 nunquam
546 814 757 881 concessisset:
784 812 993 880 Providentia
1015 811 1116 901 igitur
1133 811 1192 876 ad·
1286 828 1292 837 ’

129 923 132 935 “
150 916 413 985 ministrationem
430 933 464 984 et
475 919 590 984 animae
601 917 879 984 immortalitatem
891 938 951 1004 pro
962 914 1109 982 concessa
1120 935 1195 1001 pro·

150 1020 289 1108 bataque
314 1022 434 1101 sumsit,
459 1033 493 1087 et
519 1022 586 1109 post
613 1022 696 1086 hanc
721 1020 820 1085 vitam
846 1018 964 1085 delicia
984 1017 1135 1105 punitum
1157 1016 1196 1082 iri

151 1123 269 1189 statuit.
313 1123 460 1190 Tandem
482 1122 730 1211 disputationem
753 1121 890 1189 notabili
907 1120 998 1186 exitu
1017 1117 1195 1199 concludit,

150 1225 308 1311 'lhespefii
322 1224 487 1312 cujusdam
503 1225 664 1290 historiam
679 1224 849 1304 inducens,
862 1221 918 1311 qui
932 1222 1042 1287 animo
1056 1220 1098 1287 ad
1111 1220 1196 1287 infc-

151 1350 205 1393 roa
219 1341 330 1415 raptua
345 1326 409 1415 ipsc
423 1349 590 1415 poenarum
604 1350 643 1392 ac
658 1326 862 1415 praemiorum
877 1324 961 1391 testis
972 1322 1090 1390 firiffet.
1120 1325 1197 1413 Quo

144 1429 224 1495 loco
245 1430 300 1496 etfi
322 1430 441 1496 mirum
460 1430 514 1498 cui
537 1429 694 1510 videatur,
709 1428 877 1516 Epicureis
899 1427 1042 1494 fabulam
1060 1448 1198 1514 eamque

134 1555 192 1604 ex
215 1556 256 1599 eo
278 1556 397 1622 genere
421 1533 541 1620 opponi
567 1531 655 1621 quod
679 1532 735 1620 ipfi
761 1531 899 1597 maxime
923 1528 1135 1611 deridebant3
1162 1528 1197 1596 id

153 1647 262 1701 tamen
278 1635 469 1702 Plutarchus
487 1637 545 1702 suo
565 1635 621 1701 fibi
637 1635 712 1724 jure
731 1633 837 1700 facere
856 1633 975 1721 potuit.
1002 1634 1107 1698 .Nam
1131 1632 1198 1720 pri·
1261 1710 1268 1727 ,

152 1760 245 1803 mum
272 1738 401 1826 quidem
428 1737 470 1803 ad
495 1737 710 1826 illustrandam
737 1736 928 1802 sententiam
953 1735 1099 1823 quamvis
1120 1757 1198 1824 pro-

152 1841 292 1906 babilem
308 1863 372 1905 non
389 1854 498 1906 tamen
513 1840 728 1920 certissimam,
743 1838 789 1904 nil
805 1839 993 1926 aptius-erat
1007 1837 1064 1904 tasi
1078 1839 1206 1906 sabula·

153 1941 282 2008 Deinde
305 1941 447 2008 Platonis
462 1942 510 2007 sui
529 1943 754 2009 auctoritatem
770 1943 973 2030 sequebatur,
988 1942 1045 2029 qui
1060 1940 1200 2030 gravissi·

156 2044 218 2109 mia
243 2043 513 2131 disputationibus
532 2046 574 2110 de
592 2046 709 2110 anima
732 2035 984 2126 immortalitate,
1007 2045 1049 2110 de
1070 2045 1200 2127 virtute,

154 2162 189 2211 et
210 2145 345 2236 justitia,
368 2147 402 2212 in
425 2148 559 2236 Gorgia,
584 2146 757 2227 Phaedone,
783 2146 932 2227 Phoedr0,
954 2160 988 2212 et
1010 2145 1138 2212 decimo
1160 2146 1201 2212 de

156 2249 347 2336 Republica,
361 2249 536 2315 fimillimos
551 2249 698 2337 epilogos
713 2249 920 2337 imposuerat.
956 2247 1107 2336 Denique
1121 2247 1201 2336 Epi·

155 2352 257 2431 curei,
273 2353 328 2417 etfi
343 2352 466 2418 fabulas
482 2351 524 2417 de
538 2351 647 2417 inseris
662 2351 703 2416 ad
717 2351 836 2417 anilem
852 2350 1035 2428 referebant
1055 2350 1202 2438 supersti-
1291 2392 1311 2404 ..

156 2453 292 2536 tionem,
311 2477 376 2521 non
400 2469 508 2521 tamen
530 2455 577 2520 ita
588 2453 795 2542 abjiciebant,
809 2451 1037 2520 ut‘nullamiia
1052 2453 1202 2521 utilitatis

155 2573 280 2644 partem
304 2559 545 2645 relinquerent;
569 2582 679 2625 verum
699 2559 816 2624 adeon
837 2580 857 2622 a
874 2557 958 2622 vitiis
980 2556 1202 2640 deterrendos,

157 2662 213 2748 qui
233 2661 327 2726 restis
347 2661 526 2726 rationibus
548 2660 624 2727 duci
647 2684 712 2726 non
736 2661 873 2748 possent,
887 2675 980 2748 aptas
1001 2674 1036 2726 et
1055 2661 1203 2748 inprimit

158 2762 253 2826 utiles
280 2761 484 2848 judicabant.
531 2764 612 2828 Haec
643 2762 684 2827 de
713 2763 814 2827 totius
847 2761 947 2827 libelli
978 2761 1203 2850 descriptione.
1279 2800 1283 2810 ·

158 2863 310 2950 Singulas
329 2885 404 2928 vero
419 2864 490 2951 ejus
510 2881 617 2951 partes
634 2888 710 2931 cum
724 2888 763 2930 ex
779 2864 902 2929 intimis
918 2863 1130 2952 Philosophia
1146 2867 1203 2933 de·

159 2964 268 3029 rivavit
296 2963 457 3045 sontibus,
487 2981 558 3030 tum
586 2981 662 3055 apte
690 2965 878 3045 connexuit,
902 2979 973 3032 tum
1003 2965 1204 3036 historiarum

159 3066 323 3148 varietate,
340 3066 485 3132 versuum
500 3069 689 3134 amoenitate
703 3083 791 3134 etex
805 3066 896 3152 omni
912 3066 1131 3136 doetrinamm
1139 3094 1205 3160 ge·

124 3190 128 3198 “
159 3193 235 3235 nere
248 3169 409 3256 decerptis
424 3170 605 3238 suaviffimis
620 3172 788 3260 conspersit
802 3170 946 3237 floribus.
984 3166 988 3180 ’

200 3277 310 3363 Quare
322 3288 357 3341 et
375 3274 513 3362 dignum
529 3276 748 3364 judicavimus
763 3276 852 3341 hunc
866 3275 1024 3355 libellum,
1039 3275 1095 3364 qni
1113 3279 1205 3365 sepa·

159 3374 252 3440 ratim
273 3375 380 3442 editus
400 3378 549 3443 omnium
568 3377 749 3467 cognitioni
766 3390 904 3465 pateret,
925 3391 961 3443 et
981 3372 1149 3460 idoneum,
1172 3379 1206 3445 in

160 3500 227 3564 quo
246 3478 364 3564 primas
385 3481 505 3545 nostras
526 3481 605 3546 vitea
627 3480 862 3568 dobtorumque
877 3480 1047 3546 hominum
1063 3480 1104 3545 de
1119 3481 1159 3547 iia
1173 3495 1208 3549 et

160 3580 265 3645 nostro
280 3581 545 3669 confiliojudicia
555 3578 785 3669 experiremur.
824 3583 921 3669 Coepi
932 3605 1011 3669 ergo
1022 3583 1086 3648 hoc
1097 3605 1206 3672 agere,
1236 3596 1237 3600 ’

160 3707 236 3749 eum
258 3707 333 3750 cum
352 3685 482 3772 reliquia
505 3686 668 3753 Plutarchi
688 3685 814 3772 scriptis
827 3686 986 3765 conferre,
1003 3685 1144 3751 multum
1158 3688 1207 3754 le·

160 3788 272 3877 gendo
289 3787 527 3875 relegendoque
541 3789 575 3854 in
590 3811 704 3856 eorum
719 3789 867 3854 notitiam
884 3787 1062 3875 pervenire,
1076 3791 1210 3860 obscura
1311 3850 1317 3857 .

160 3891 333 3978 explicare,
357 3904 511 3977 corrupta
532 3891 716 3973 emendare,
739 3914 812 3955 eam
835 3890 977 3977 denique
999 3913 1075 3956 cum
1097 3892 1136 3958 iia
1158 3895 1209 3960 sa·

162 3993 381 4059 miliaritatem
416 3993 617 4074 contrahere,
647 4006 685 4057 ut
713 3992 893 4058 dosirinam
923 3992 967 4057 ibi
995 3993 1147 4061 traditam
1176 3996 1209 4063 in

164 4110 295 4177 promtu
316 4109 550 4182 numeratoque
571 4096 738 4162 haberem.
784 4095 936 4182 Cumque
954 4118 1010 4161 me
1025 4096 1115 4163 aliud
1130 4120 1209 4164 con-

166 4191 267 4257 filium
289 4197 331 4258 ad
352 4198 520 4263 lulianum
540 4198 737 4278 traduxisset,
752 4197 799 4264 nil
814 4211 922 4263 mmen
935 4197 976 4263 de
993 4198 1119 4265 summo
1136 4200 1209 4267 Plu·

168 4295 270 4361 tarchi
288 4297 496 4366 remittebant
518 4300 631 4382 studio,
649 4299 703 4368 sed
721 4300 769 4367 ita
786 4301 819 4367 in
841 4324 881 4367 eo
903 4301 1057 4381 versabar,
1078 4315 1115 4367 ut
1132 4324 1208 4371 eum
