2714 4770
308 368 577 435 QUAES'I'IONES
597 366 776 428 GuAEcns.
797 386 826 446 p.
842 382 910 443 292.
924 365 1029 426 0-1).
1143 362 1182 427 61

148 488 717 614 nu.‚0t1:uranion11ad.n.p.
735 545 808 614 132.
844 523 1014 612 uptun..
1028 521 1128 610 igitur
1142 521 1187 587 est

148 630 208 718 qui
229 630 336 720 accipit
357 632 472 710 bmdca,
491 642 530 696 ut
550 628 615 696 boc
634 629 708 694 loco
726 626 928 715 explicaturi
943 624 1115 709 κομιζόμενος
1134 627 1186 700 τὰς
1326 638 1328 642 ’

148 732 256 820 κριθὰς,
276 733 327 820 qui
343 756 393 797 eas
412 731 523 820 aufert,
541 730 834 829 asamficnntibusr
855 730 1017 816 habetque
1038 726 1186 794 eamdem

149 834 311 900 rationem
321 834 405 921 λόγος
416 834 478 900 hac
494 833 526 898 in
539 832 768 920 compofitione
778 845 877 927 atque
890 821 923 896 in
938 828 1085 918 φορολόγος
1095 817 1190 894 vetii·

147 934 270 1027 galium
283 944 411 1002 sewu.

147 1032 150 1036 “
196 1058 270 1124 292.
292 1038 333 1104 C.
355 1035 409 1124 ζ’.]
435 1034 644 1125 Theophrasti
669 1033 784 1125 scripta
804 1032 1003 1101 enumeravit
1026 1031 1191 1120 Diogenes

153 1139 302 1206 Laertius
316 1142 359 1206 V.
373 1159 428 1222 42.
447 1152 485 1204 ut
499 1138 567 1225 ipso
581 1136 746 1204 literarum
761 1135 874 1219 ordine
895 1136 1010 1202 iterato
1032 1146 1193 1222 appareat,

116 1239 121 1252 '
153 1264 230 1308 eum
250 1242 433 1330 complures
451 1234 582 1322 sivum,
596 1239 687 1306 idest
706 1250 830 1306 veteres
845 1237 980 1319 indices,
998 1238 1145 1304 secutum
1160 1248 1194 1302 et

153 1342 346 1410 confudiffe‘.
363 1343 395 1427 ξ.
411 1362 466 1430 43.
489 1343 543 1423 est,
558 1347 607 1420 τῆς
626 1340 894 1429 μπαρσιολισχίας,
909 1338 949 1421 α’,
962 1338 1051 1427 quod
1064 1337 1107 1404 ad
1121 1338 1192 1404 De·

154 1445 283 1512 mocriti
298 1445 476 1512 dodriuam
491 1442 663 1532 pertinuit:
681 1443 712 1526 ξ.
728 1461 783 1526 44.
797 1443 858 1529 aspi
871 1447 1139 1527 μπαρσιολογικῶν,
1153 1435 1195 1519 α’,

155 1545 198 1628 β’.
218 1547 251 1636 §.
263 1564 318 1633 47.
332 1548 393 1635 sepi
407 1545 550 1632 μετεώρων
563 1543 604 1611 α’.
643 1545 727 1609 Haec
741 1567 760 1610 a
773 1544 914 1610 Meurfio
928 1543 961 1608 in
976 1541 1194 1630 Theophrasto

155 1650 261 1715 Num.
283 1650 414 1728 XXIII,
438 1648 577 1728 LXVII,
601 1646 739 1726 CXLII,
761 1658 795 1712 et
817 1645 962 1711 Fabricio
981 1646 1020 1710 B.
1038 1645 1082 1711 G.
1099 1645 1145 1710 II.
1159 1663 1195 1732 p.

158 1769 234 1836 250.
255 1751 332 1816 item
355 1749 606 1838 distinguuntur.
638 1746 798 1836 Equidem
812 1745 988 1812 secundum
1002 1759 1036 1811 et
1050 1735 1196 1826 tertium,

156 1851 245 1917 idem
259 1873 342 1940 opus
357 1851 446 1917 fuiffe
458 1863 584 1938 putem.
1281 1907 1288 1918 .

169 1956 172 1960 ’
203 1972 277 2040 292.
292 1954 336 2018 D.
348 1952 398 2037 t'·]
424 1951 597 2016 AEolismus
610 1947 750 2036 intelligi
765 1948 867 2036 potest
881 1947 915 2012 in
929 1947 1038 2023 πλᾶτυς
1052 1968 1111 2035 pro
1122 1947 1197 2027 πλή-
1302 2021 1316 2037 .

159 2077 229 2130 σιος·
253 2066 288 2119 at
304 2054 337 2118 in
357 2052 469 2127 Χαίτας
486 2073 546 2139 pro
563 2051 649 2139 ἔχων,
663 2049 771 2115 minus
785 2061 940 2137 apparet:
964 2048 1055 2115 notio
1068 2048 1199 2136 quidem

159 2156 301 2236 habendi,
320 2178 340 2221 a
356 2157 452 2221 verbo
470 2153 553 2242 χᾶω,
569 2151 663 2242 xatas,
683 2154 778 2241 capio,
794 2153 975 2243 completior,
989 2153 1100 2218 locum
1113 2153 1200 2220 obti-

160 2271 229 2323 net.
272 2261 400 2324 Locum
419 2257 518 2344 Legis
536 2278 577 2323 ex
590 2254 853 2344 nomophylaoio,
869 2278 889 2320 a
904 2254 1077 2321 Plutarcho
1097 2245 1199 2344 appo·

153 2360 256 2426 'situm
276 2358 378 2440 inilia,
396 2381 416 2423 a
429 2344 563 2424 'librario
577 2370 684 2425 vetere
698 2357 846 2423 omilium
859 2357 932 2438 effe,
948 2379 999 2424 rea
1012 2356 1198 2444 ipsa'osten·

159 2462 220 2529 dit.

207 2582 281 2652 292.
296 2565 342 2629 D.
357 2561 407 2647 r]
430 2560 587 2650 arpenna
608 2543 761 2652 Quarto.
798 2560 908 2642 ὀ...
925 2559 1076 2649 napus
1097 2558 1200 2625 nce.-

162 2664 256 2731 dotes
276 2677 496 2729 memorantur
517 2663 616 2730 etiam
638 2663 671 2729 in
693 2663 776 2730 libro
797 2663 850 2729 De
872 2662 1002 2740 Oracul.
1021 2661 1150 2729 Defert.
1165 2681 1201 2750 p.

162 2767 239 2856 438.
255 2767 294 2831 B.
340 2767 379 2829 In
401 2771 425 2829 ci
445 2765 590 2852 γεγονίνω
612 2768 748 2842 δοκοῦντες
769 2766 823 2830 ἀπὸ
844 2765 1046 2844 Δευκαλίωνος,
1060 2756 1201 2830 affumfi·

164 2889 239 2932 mus
254 2873 277 2930 nl
290 2887 330 2930 ex
343 2867 387 2930 E:
407 2865 507 2952 ‘vulgo
521 2867 565 2931 est
579 2865 610 2947 ἃ,
623 2864 710 2932 unde
725 2868 815 2931 Mea.
833 2879 867 2930 et
880 2857 961 2952 Xyl.
975 2865 1127 2931 volebant
1140 2863 1202 2928 ἅτε.

166 2969 267 3043 Bion,
289 2966 401 3031 menfis
423 2966 614 3055 Delphicus,
635 2968 702 3056 post
721 2966 800 3032 alios
821 2966 905 3034 viros
926 2966 1050 3048 nouos,
1073 2978 1204 3032 notatus

166 3073 244 3137 esta
259 3071 389 3137 Corfino
404 3073 482 3136 Fast.
497 3072 602 3137 Attic.
617 3073 659 3137 T.
676 3073 722 3137 II.
737 3092 772 3159 p.
787 3088 863 3159 437.
888 3071 1016 3138 AEolice
1030 3094 1090 3160 pro
1104 3070 1205 3148 Πύθιος

167 3174 304 3252 diuum,
319 3173 556 3261 permutatione
571 3173 733 3239 literarum
748 3177 770 3255 β
784 3186 817 3239 et
835 3200 867 3257 π,
887 3188 920 3241 et
934 3175 947 3239 t
963 3174 995 3239 in
1010 3199 1042 3255 c,
1057 3173 1138 3240 ratio
1153 3196 1204 3239 ar·

165 3277 257 3366 guit:
275 3274 316 3341 de
329 3275 434 3363 priore
447 3277 575 3342 monuit
588 3275 728 3342 Waffius
742 3276 783 3341 ad
798 3277 949 3366 Thucyd.
965 3300 997 3364 p.
1016 3297 1090 3364 231.
1119 3272 1204 3366 Tay-

165 3374 255 3445 Iorus
273 3376 364 3443 Lea.
388 3378 464 3466 Lys.
487 3379 549 3444 IX.
564 3400 598 3464 p.
615 3393 690 3463 702.
711 3377 811 3443 etiam
826 3379 860 3443 J.
875 3379 1020 3471 Scaliger
1033 3378 1074 3444 ad
1088 3380 1203 3447 Euseb.

168 3480 294 3546 Chron.
320 3500 355 3566 p.
380 3480 453 3544 118.
497 3483 542 3547 Et
566 3478 762 3546 credendum
790 3479 1013 3563 Plutarcho,fi
1040 3483 1205 3571 cuiquam,

168 3595 284 3669 utpote
298 3581 354 3669 qui
366 3580 505 3669 Delphis
520 3582 578 3648 diu
592 3582 800 3649 habitaverit:
816 3610 836 3648 σ
851 3605 910 3671 pro
925 3585 1051 3657 tetiam
1063 3585 1206 3650 Doribus

169 3705 345 3774 commune
359 3683 413 3763 est,
427 3681 468 3748 de
483 3706 658 3772 earumque
672 3683 838 3750 literarum
852 3685 1006 3750 affinitate
1019 3684 1157 3750 diximus
1171 3706 1205 3770 p.

170 3804 224 3856 22.
240 3783 282 3866 C,
298 3786 337 3850 E.
376 3785 557 3872 Septimum
569 3786 683 3852 menfis
697 3785 785 3852 diem
799 3785 961 3873 Apollinis
974 3785 1113 3851 natalem
1128 3806 1205 3871 pro-

169 3884 219 3954 dit
240 3883 430 3952 Plutarchus
452 3886 600 3974 Sympos.
621 3888 717 3954 VIII.
739 3907 769 3952 1.
790 3909 824 3974 p.
845 3902 920 3973 717.
940 3888 985 3951 D.
1016 3885 1146 3950 Procius
1165 3886 1208 3953 ad

171 3989 302 4057 Hefiod.
322 3989 386 4076 Op.
400 4000 435 4054 et
448 3989 492 4054 D.
506 3989 595 4054 versu
609 3992 683 4076 769.
699 4012 733 4077 p.
749 3991 821 4075 169.
837 3989 881 4054 A.
896 3988 1012 4075 quibus
1026 3988 1105 4054 alios
1119 3980 1209 4055 addi·

172 4092 222 4158 dit
242 4089 456 4180 spanhemius
473 4090 513 4156 ad
534 4090 726 4156 Callimachi
745 4092 792 4157 H.
812 4089 845 4157 in
862 4091 938 4159 Del.
955 4106 1029 4176 251.
1072 4089 1126 4155 Ad
1147 4112 1207 4155 an-

173 4217 271 4261 nuam
290 4191 479 4289 {iugularem
501 4193 621 4260 oraculi
645 4193 865 4261 celebritatem
884 4193 994 4275 retulit
1007 4193 1209 4282 Musgravius

145 4348 150 4357 .
174 4294 387 4364 narrationem
399 4295 563 4391 Euripidis
578 4294 612 4363 in
625 4297 707 4366 June
721 4315 776 4388 91.
