2714 4770
209 300 265 362 DE
285 300 385 362 sena
404 300 581 362 NUMINIS
602 300 804 363 vmmcta
827 322 856 381 p.
870 300 939 380 ⁵⁶7·
953 303 990 362 Β.
1060 319 1121 401 ⁴⁵⁷

87 456 168 541 μόνον
183 458 326 541 οὕσηςϊῆς
345 461 509 550 srpl’wirir
529 461 731 537 καταστάσιος
739 474 762 527 ⁸.
807 461 905 528 Unde
922 461 1006 527 clare
1021 474 1124 549 patet,
1230 528 1232 534 ,

86 582 162 626 eum
184 563 329 650 proxime
350 563 392 628 sd
412 585 525 630 eorum
547 563 733 651 opinionem
752 562 917 645 accedere,
932 563 988 652 qui
1002 573 1060 629 νοῦν
1073 564 1123 630 la·

10 666 13 671 ’
86 663 163 729 bern
183 677 219 733 et
239 688 350 752 panas
370 665 525 754 suscipere
546 689 611 734 non
636 666 721 754 polle
745 666 991 734 arbitrabantur.
1035 667 1125 734 Huic

86 765 270 836 difficultati
295 769 360 836 boc
384 768 483 835 modo
503 791 670 849 occurrere
690 769 790 836 voluit
815 769 960 837 Plotinus
979 770 1124 836 Ennead.

87 869 153 935 111.
172 871 212 936 L.
234 891 268 958 3.
294 893 329 959 p.
347 892 424 960 393.
446 885 485 939 ut
510 873 607 939 etiam
630 873 698 960 post
718 873 862 960 corporis
882 887 1023 940 mortem
1044 873 1126 940 duas

85 969 225 1037 retinere
247 972 402 1055 φαικασίοις
425 972 566 1040 animam
590 973 724 1054 diceret,
750 974 886 1040 alteram
913 974 948 1039 in
976 973 1125 1040 rationali

85 1084 191 1159 parte,
209 1072 341 1153 alteram
363 1073 398 1139 in
417 1073 602 1143 irrationali.
645 1079 688 1142 Et
709 1075 850 1142 fimiliter
870 1075 1125 1164 olympiodorus

87 1173 178 1242 Mst.
191 1176 295 1253 Δητός
308 1181 322 1240 ὅ
336 1183 404 1253 νοῦς·
427 1179 505 1262 ipis
517 1179 632 1261 ἀπιθὴς,
645 1183 659 1244 ὁ
673 1180 701 1243 δὲ
715 1180 882 1258 παθητικὸςο
906 1178 994 1244 hunc
1013 1196 1123 1264 φαντα-

83 1275 151 1342 clar
171 1291 276 1361 vocat,
296 1278 389 1345 illum
409 1279 505 1368 λόγον.Ι
549 1281 638 1370 Quin
663 1280 717 1348 alii
741 1289 799 1347 νοῦν
823 1304 844 1346 a
866 1287 1015 1369 λογιστιιιῇ
1041 1283 1125 1371 ψυχῇ

83 1377 304 1448 distinxerunt.
346 1383 465 1470 Neque
478 1383 542 1451 boc
555 1384 725 1472 placitum,
739 1390 798 1448 νοῦν
810 1383 895 1449 vitiis
908 1382 1004 1464 affici,
1018 1406 1039 1448 a
1051 1385 1125 1451 sen·

84 1481 186 1548 tentia
197 1482 381 1571 principum
399 1486 517 1553 Stoice
531 1485 719 1575 discipline,
735 1485 876 1552 Zenonis
890 1497 924 1551 et
941 1485 1124 1574 Chrysippi,

82 1583 224 1651 Quum
239 1585 376 1667 videtur,
390 1610 529 1674 qnorum
542 1588 596 1654 bic
610 1587 868 1675 perturbationes
882 1586 977 1673 ipfius
991 1588 1125 1654 rationis

77 1684 205 1775 judicia
218 1688 279 1753 effe
292 1687 410 1768 aiebat,
424 1687 479 1754 ille
492 1687 625 1755 rationis
638 1688 770 1777 quidem
782 1687 909 1775 judicia
921 1690 1124 1776 a-perturba·

84 1788 228 1856 tionibus
239 1788 466 1878 distinguebat,
480 1790 534 1858 sed
548 1791 607 1858 has
619 1805 729 1858 tamen
743 1794 784 1858 ab
798 1791 860 1857 illis
874 1793 975 1858 creari
989 1816 1027 1859 ac
1042 1792 1125 1861 effici

85 1891 252 1958 statuebat.
296 1894 452 1982 Quamvis
469 1895 510 1959 ab
530 1906 670 1984 utroque
682 1893 865 1961 diffentiens
885 1895 1070 1962 Pofidonius
1083 1896 1125 1963 ad

85 1994 229 2061 Platonis
257 1996 288 2061 se
314 1996 541 2063 auctoritatem
569 1998 767 2077 conferebat,
792 2009 830 2062 ut
857 1997 954 2064 refert
982 1999 1126 2064 Galenus

84 2089 210 2183 Dogm.
229 2095 386 2184 Hippocr.
401 2109 437 2163 et
449 2096 531 2163 Plat.
546 2098 620 2164 Lib.
639 2099 682 2164 V.
704 2120 739 2186 p.
756 2116 827 2185 155.
841 2100 880 2165 B.
901 2098 1063 2186 Χρύσιππος
1074 2101 1126 2183 μὲν

84 2195 130 2262 οὖν
151 2202 178 2261 ir
198 2203 239 2284 τῷ
257 2197 359 2286 spairp
377 2199 438 2286 aspi
457 2201 549 2280 ποθῶν
570 2201 755 2266 οἰτοδιικνῦναι
775 2208 914 2289 πειρᾶται,
929 2201 1032 2290 κρίσιος
1050 2205 1127 2277 τινὰς

85 2297 154 2364 alsat
167 2304 217 2362 τοῦ
230 2306 395 2386 λογιστικοῦ
407 2306 446 2366 rol
460 2301 542 2381 πάθη·
565 2302 657 2382 Ζῆνοον
670 2303 698 2367 bi
713 2307 742 2368 cri
755 2308 808 2378 τὰς
823 2303 926 2389 κρίσεις
939 2307 1027 2378 αὐτὰς
1047 2306 1128 2367 ἁλλὰ

84 2402 137 2476 τὰς
158 2400 346 2489 ὴιγινομᾶνοις
364 2405 462 2478 αὐτοῖς
481 2406 624 2479 συστολὰς
637 2405 686 2469 ael
702 2405 809 2484 λύσιος,
824 2405 951 2490 ἐτέρους
967 2431 999 2469 τι
1012 2406 1061 2468 sal
1075 2392 1127 2480 sals

83 2501 202 2579 πόσοις
220 2509 269 2582 τῆς
289 2508 385 2590 W&
406 2505 525 2589 ἐνόμιζεν
546 2506 614 2570 εἶναι
634 2509 672 2569 τὰ
693 2506 776 2584 πάθη.
819 2506 897 2574 Vid.
913 2508 941 2572 J.
960 2506 1069 2572 Daris.
1084 2505 1127 2572 ed

85 2604 193 2670 Cicer.
213 2604 308 2671 Tusc.
327 2606 388 2672 lv.
407 2620 441 2691 5.
486 2606 550 2672 Sed
573 2605 676 2685 Plato,
698 2629 774 2672 cum
796 2606 952 2672 trifariam
972 2607 1127 2673 divideret

85 2706 227 2774 enimam
242 2706 277 2772 in
296 2710 470 2793 λογιστικὸν,
486 2709 645 2791 παθητικὸν,
663 2721 697 2773 et
717 2709 918 2792 krivprrtrtdr,
932 2709 979 2774 ita
991 2710 1128 2776 statuiffe

84 2809 222 2895 videtur,
249 2791 503 2896 perturbationes
516 2811 563 2875 in
585 2811 808 2898 posterioribus
832 2810 958 2877 duabus
983 2812 1127 2899 partibus

85 2910 209 2991 versari,
228 2923 263 2977 et
282 2910 440 2978 dominari
458 2934 691 2999 nonnunquam
705 2911 837 2999 quidem
852 2913 887 2977 iu
902 2912 1046 2993 homine,
1061 2937 1127 2980 non

86 3025 196 3079 tamen
218 3019 278 3079 νοῦν
297 3034 514 3100 corrumpere.
560 3014 658 3080 Certe
671 3027 706 3079 et
723 3012 801 3080 alibi
814 3027 848 3080 et
863 3014 898 3079 in
912 3014 1083 3083 Theaeteto
1095 3017 1127 3081 sl

85 3116 248 3203 λογιστικὸν
261 3117 390 3204 proprie
402 3139 498 3182 errore
511 3114 618 3182 labem
636 3117 827 3183 contrahere
845 3116 961 3198 docet3
984 3116 1017 3183 id
1039 3118 1127 3206 quod

85 3229 210 3284 naturae
229 3218 274 3284 rei
293 3217 386 3283 valde
404 3219 448 3283 est
468 3218 930 3286 consentaneum-Ceterum
945 3218 1128 3306 principalis

86 3320 202 3386 enimae
217 3341 303 3408 pars,
316 3332 354 3384 ut
368 3322 531 3406 λογιστικὸν
543 3335 577 3387 et
590 3323 763 3407 ἡγεμονικὸν,
775 3321 816 3387 fic
828 3321 917 3409 κόριον
927 3322 1057 3409 proprio
1070 3322 1128 3387 suo
1199 3382 1204 3389 .

86 3421 218 3487 nomine
240 3433 383 3488 vocatur.
429 3421 520 3488 Plato
548 3422 708 3489 Alcibisd.
733 3425 760 3488 Ι.
785 3446 819 3512 p.
838 3426 894 3510 36.
916 3425 961 3489 D.
983 3434 1017 3488 et
1038 3423 1127 3488 alibi.
1270 3462 1274 3467 -

87 3522 250 3590 Plutarch.
266 3524 351 3590 Adv.
368 3524 477 3591 Colot-
492 3546 526 3613 p.
541 3545 634 3612 1119.
646 3526 690 3592 A.
705 3531 752 3603 τῆς
761 3529 858 3612 ψυχῆς
870 3523 903 3589 ri
915 3523 1094 3613 κυριώτατον,
1106 3523 1130 3612 ᾧ

85 3629 231 3711 φρονοῦμεν
252 3627 301 3690 sal
321 3626 490 3712 λογιζόμεθα
511 3629 559 3692 sal
580 3627 751 3714 πράπομιν.
783 3626 926 3692 -Proclus
940 3624 981 3690 ad
996 3625 1128 3692 Hefiod.

87 3747 123 3815 p.
136 3729 192 3814 65.
234 3727 389 3793 Similiter
401 3728 520 3795 Latini.
535 3752 565 3794 v.
580 3751 611 3794 c.
625 3727 797 3795 Lucretius
811 3731 850 3794 L.
866 3729 931 3793 lll.
946 3727 989 3793 vs.
1004 3749 1058 3814 94.

215 3829 352 3895 Primum
366 3830 511 3896 Animam
528 3832 603 3913 dico,
616 3844 738 3897 mentem
751 3831 926 3920 quensaepe
937 3853 1087 3910 vocamus,

113 4084 131 4111 ··
145 4074 280 4128 Jambliclti
297 4075 367 4126 locus
383 4090 414 4124 ex
430 4075 500 4127 stob.
514 4077 585 4140 Phys.
635 4075 1073 4139 17.tamqusmexSuldnlaudatur.
1099 4068 1150 4123 ln'

89 4170 104 4205 a
115 4154 234 4207 snmsfio
245 4158 276 4207 ad
291 4156 402 4221 Simplic.
412 4157 438 4207 in
449 4157 550 4221 Epillee
561 4173 585 4222 p.
634 4174 685 4225 qno
695 4161 795 4224 quidem
806 4158 857 4208 lulli
868 4159 971 4208 videtur.
