<?xml version="1.0" encoding="UTF-8"?>
<!DOCTYPE html PUBLIC "-//W3C//DTD XHTML 1.0 Transitional//EN"
    "http://www.w3.org/TR/xhtml1/DTD/xhtml1-transitional.dtd">
<html xmlns="http://www.w3.org/1999/xhtml" xml:lang="en" lang="en">
 <head>
  <title>
</title>
<meta http-equiv="Content-Type" content="text/html;charset=utf-8" />
  <meta name='ocr-system' content='tesseract 3.04.00' />
  <meta name='ocr-capabilities' content='ocr_page ocr_carea ocr_par ocr_line ocrx_word'/>
</head>
<body>
  <div class='ocr_page' id='page_1' title='image "./plutarchichaero25plutgoog_0045.png"; bbox 0 0 2714 4770; ppageno 0'>
   <div class='ocr_carea' id='block_1_1' title="bbox 240 373 1129 459">
    <p class='ocr_par' dir='ltr' id='par_1_1' title="bbox 240 373 1129 459">
     <span class='ocr_line' id='line_1_1' title="bbox 240 373 1129 459; baseline -0.002 -18"><span class='ocrx_word' id='word_1_1' title='bbox 240 380 278 459; x_wconf 69' lang='lat' dir='ltr'>‚a</span> <span class='ocrx_word' id='word_1_2' title='bbox 379 380 418 438; x_wconf 88' lang='lat' dir='ltr'>n.</span> <span class='ocrx_word' id='word_1_3' title='bbox 440 381 487 436; x_wconf 88' lang='lat' dir='ltr'><strong>w.</strong></span> <span class='ocrx_word' id='word_1_4' title='bbox 510 380 707 439; x_wconf 77' lang='grc'><strong><em>1111111111.</em></strong></span> <span class='ocrx_word' id='word_1_5' title='bbox 728 383 773 441; x_wconf 83' lang='lat' dir='ltr'>ru</span> <span class='ocrx_word' id='word_1_6' title='bbox 795 382 1029 444; x_wconf 72' lang='lat' dir='ltr'>murancru</span> <span class='ocrx_word' id='word_1_7' title='bbox 1050 373 1129 441; x_wconf 83' lang='lat' dir='ltr'>urs.</span> 
     </span>
    </p>
   </div>
   <div class='ocr_carea' id='block_1_2' title="bbox 171 539 1281 2476">
    <p class='ocr_par' dir='ltr' id='par_1_2' title="bbox 236 539 1279 730">
     <span class='ocr_line' id='line_1_2' title="bbox 238 539 1279 627; baseline 0.002 -20"><span class='ocrx_word' id='word_1_8' title='bbox 238 563 335 607; x_wconf 84' lang='lat' dir='ltr'>onem</span> <span class='ocrx_word' id='word_1_9' title='bbox 358 539 443 606; x_wconf 80' lang='lat' dir='ltr'>Cass.</span> <span class='ocrx_word' id='word_1_10' title='bbox 465 540 640 608; x_wconf 86' lang='lat' dir='ltr'><strong>XXXVII.</strong></span> <span class='ocrx_word' id='word_1_11' title='bbox 661 558 714 627; x_wconf 92' lang='grc'>27.</span> <span class='ocrx_word' id='word_1_12' title='bbox 749 541 854 608; x_wconf 84' lang='lat' dir='ltr'>Miror</span> <span class='ocrx_word' id='word_1_13' title='bbox 869 541 1059 608; x_wconf 86' lang='lat' dir='ltr'>Ciceronem</span> <span class='ocrx_word' id='word_1_14' title='bbox 1074 539 1211 606; x_wconf 84' lang='lat' dir='ltr'>inlibris</span> <span class='ocrx_word' id='word_1_15' title='bbox 1224 541 1279 609; x_wconf 80' lang='lat' dir='ltr'>De</span> 
     </span>
     <span class='ocr_line' id='line_1_3' title="bbox 236 642 873 730; baseline -0.002 -19"><span class='ocrx_word' id='word_1_16' title='bbox 236 642 443 711; x_wconf 82' lang='lat' dir='ltr'>Divinatione</span> <span class='ocrx_word' id='word_1_17' title='bbox 456 642 541 708; x_wconf 88' lang='lat' dir='ltr'>hanc</span> <span class='ocrx_word' id='word_1_18' title='bbox 553 665 619 709; x_wconf 88' lang='lat' dir='ltr'>rem</span> <span class='ocrx_word' id='word_1_19' title='bbox 636 643 873 730; x_wconf 77' lang='lat' dir='ltr'>praetermififfe.</span> 
     </span>
    </p>

    <p class='ocr_par' dir='ltr' id='par_1_3' title="bbox 171 743 1279 1039">
     <span class='ocr_line' id='line_1_4' title="bbox 282 743 1279 834; baseline -0.001 -23"><span class='ocrx_word' id='word_1_20' title='bbox 282 759 356 831; x_wconf 85' lang='lat'><strong>273.</strong></span> <span class='ocrx_word' id='word_1_21' title='bbox 371 745 410 809; x_wconf 86' lang='lat' dir='ltr'><strong>E.</strong></span> <span class='ocrx_word' id='word_1_22' title='bbox 425 743 493 831; x_wconf 75' lang='grc'><strong><em>11.]</em></strong></span> <span class='ocrx_word' id='word_1_23' title='bbox 518 747 571 811; x_wconf 92' lang='lat' dir='ltr'>De</span> <span class='ocrx_word' id='word_1_24' title='bbox 594 745 730 811; x_wconf 84' lang='lat' dir='ltr'>Catonis</span> <span class='ocrx_word' id='word_1_25' title='bbox 750 745 880 834; x_wconf 85' lang='lat' dir='ltr'>epistola</span> <span class='ocrx_word' id='word_1_26' title='bbox 901 745 1016 811; x_wconf 87' lang='lat' dir='ltr'>diserte</span> <span class='ocrx_word' id='word_1_27' title='bbox 1035 743 1144 832; x_wconf 89' lang='lat' dir='ltr'>prodit</span> <span class='ocrx_word' id='word_1_28' title='bbox 1163 743 1279 810; x_wconf 87' lang='lat' dir='ltr'>Cicero</span> 
     </span>
     <span class='ocr_line' id='line_1_5' title="bbox 240 845 1278 936; baseline -0.004 -22"><span class='ocrx_word' id='word_1_29' title='bbox 240 845 334 914; x_wconf 84' lang='lat' dir='ltr'>Offic.</span> <span class='ocrx_word' id='word_1_30' title='bbox 349 846 376 910; x_wconf 89' lang='grc' dir='ltr'>Ι.</span> <span class='ocrx_word' id='word_1_31' title='bbox 391 866 441 911; x_wconf 91' lang='grc'>11.</span> <span class='ocrx_word' id='word_1_32' title='bbox 469 847 658 936; x_wconf 73' lang='lat' dir='ltr'>chrysante</span> <span class='ocrx_word' id='word_1_33' title='bbox 673 847 795 913; x_wconf 71' lang='lat' dir='ltr'>factum</span> <span class='ocrx_word' id='word_1_34' title='bbox 810 848 908 913; x_wconf 81' lang='lat' dir='ltr'>exstat</span> <span class='ocrx_word' id='word_1_35' title='bbox 921 847 1008 933; x_wconf 88' lang='lat' dir='ltr'>apud</span> <span class='ocrx_word' id='word_1_36' title='bbox 1024 845 1278 933; x_wconf 82' lang='lat' dir='ltr'><strong>Xenophontem</strong></span> 
     </span>
     <span class='ocr_line' id='line_1_6' title="bbox 171 949 1236 1039; baseline -0.003 -23"><span class='ocrx_word' id='word_1_37' title='bbox 171 954 175 961; x_wconf 81' lang='grc'><em>“</em></span> <span class='ocrx_word' id='word_1_38' title='bbox 240 949 412 1039; x_wconf 84' lang='lat' dir='ltr'>Cyropaed.</span> <span class='ocrx_word' id='word_1_39' title='bbox 434 952 493 1016; x_wconf 90' lang='lat' dir='ltr'>lV.</span> <span class='ocrx_word' id='word_1_40' title='bbox 508 972 542 1038; x_wconf 92' lang='lat' dir='ltr'><strong>p.</strong></span> <span class='ocrx_word' id='word_1_41' title='bbox 559 951 612 1036; x_wconf 89' lang='lat'>87.</span> <span class='ocrx_word' id='word_1_42' title='bbox 627 951 738 1038; x_wconf 90' lang='lat' dir='ltr'>etjam</span> <span class='ocrx_word' id='word_1_43' title='bbox 753 950 933 1016; x_wconf 87' lang='lat' dir='ltr'>notavimus</span> <span class='ocrx_word' id='word_1_44' title='bbox 949 950 1041 1036; x_wconf 88' lang='lat' dir='ltr'>supra</span> <span class='ocrx_word' id='word_1_45' title='bbox 1055 971 1087 1036; x_wconf 89' lang='lat' dir='ltr'>p.</span> <span class='ocrx_word' id='word_1_46' title='bbox 1106 949 1180 1035; x_wconf 84' lang='grc'><strong><em>156.</em></strong></span> <span class='ocrx_word' id='word_1_47' title='bbox 1196 950 1236 1013; x_wconf 83' lang='grc' dir='ltr'>Ε.</span> 
     </span>
    </p>

    <p class='ocr_par' dir='ltr' id='par_1_4' title="bbox 175 1049 1281 1963">
     <span class='ocr_line' id='line_1_7' title="bbox 280 1049 1278 1140; baseline 0 -24"><span class='ocrx_word' id='word_1_48' title='bbox 280 1074 313 1139; x_wconf 91' lang='lat' dir='ltr'>p.</span> <span class='ocrx_word' id='word_1_49' title='bbox 330 1072 404 1137; x_wconf 86' lang='lat'><strong>274.</strong></span> <span class='ocrx_word' id='word_1_50' title='bbox 420 1053 462 1116; x_wconf 87' lang='lat' dir='ltr'>A.</span> <span class='ocrx_word' id='word_1_51' title='bbox 476 1051 534 1139; x_wconf 56' lang='lat' dir='ltr'>pst]</span> <span class='ocrx_word' id='word_1_52' title='bbox 562 1052 744 1140; x_wconf 81' lang='lat' dir='ltr'>Religiones</span> <span class='ocrx_word' id='word_1_53' title='bbox 760 1049 897 1118; x_wconf 81' lang='lat' dir='ltr'>Flamini</span> <span class='ocrx_word' id='word_1_54' title='bbox 910 1052 999 1117; x_wconf 84' lang='lat' dir='ltr'>Diali</span> <span class='ocrx_word' id='word_1_55' title='bbox 1012 1051 1173 1139; x_wconf 80' lang='lat' dir='ltr'>impolitas</span> <span class='ocrx_word' id='word_1_56' title='bbox 1186 1073 1278 1116; x_wconf 90' lang='lat' dir='ltr'>com-</span> 
     </span>
     <span class='ocr_line' id='line_1_8' title="bbox 237 1152 1281 1244; baseline 0 -24"><span class='ocrx_word' id='word_1_57' title='bbox 237 1155 344 1244; x_wconf 78' lang='lat' dir='ltr'>plures</span> <span class='ocrx_word' id='word_1_58' title='bbox 366 1176 406 1220; x_wconf 90' lang='lat' dir='ltr'>ex</span> <span class='ocrx_word' id='word_1_59' title='bbox 429 1155 526 1220; x_wconf 86' lang='lat' dir='ltr'>Fabio</span> <span class='ocrx_word' id='word_1_60' title='bbox 549 1154 673 1221; x_wconf 88' lang='lat' dir='ltr'>Pictore</span> <span class='ocrx_word' id='word_1_61' title='bbox 691 1166 726 1220; x_wconf 86' lang='lat' dir='ltr'>et</span> <span class='ocrx_word' id='word_1_62' title='bbox 739 1155 893 1221; x_wconf 85' lang='lat' dir='ltr'>Mafsurio</span> <span class='ocrx_word' id='word_1_63' title='bbox 906 1154 1026 1220; x_wconf 89' lang='lat' dir='ltr'>Sabino</span> <span class='ocrx_word' id='word_1_64' title='bbox 1041 1155 1138 1220; x_wconf 84' lang='lat' dir='ltr'>refert</span> <span class='ocrx_word' id='word_1_65' title='bbox 1153 1152 1281 1220; x_wconf 83' lang='lat' dir='ltr'>Gellius</span> 
     </span>
     <span class='ocr_line' id='line_1_9' title="bbox 237 1255 1280 1346; baseline -0.001 -24"><span class='ocrx_word' id='word_1_66' title='bbox 237 1260 282 1323; x_wconf 88' lang='lat' dir='ltr'>X.</span> <span class='ocrx_word' id='word_1_67' title='bbox 298 1274 352 1343; x_wconf 85' lang='lat'>15:</span> <span class='ocrx_word' id='word_1_68' title='bbox 372 1280 411 1322; x_wconf 83' lang='lat' dir='ltr'>ex</span> <span class='ocrx_word' id='word_1_69' title='bbox 426 1258 490 1322; x_wconf 89' lang='lat' dir='ltr'>boc</span> <span class='ocrx_word' id='word_1_70' title='bbox 503 1279 602 1322; x_wconf 88' lang='lat' dir='ltr'>unam</span> <span class='ocrx_word' id='word_1_71' title='bbox 616 1279 692 1322; x_wconf 89' lang='lat' dir='ltr'>cum</span> <span class='ocrx_word' id='word_1_72' title='bbox 707 1258 863 1345; x_wconf 75' lang='lat' dir='ltr'>presente</span> <span class='ocrx_word' id='word_1_73' title='bbox 876 1258 950 1323; x_wconf 87' lang='lat' dir='ltr'>loco</span> <span class='ocrx_word' id='word_1_74' title='bbox 965 1255 1194 1346; x_wconf 71' lang='lat' dir='ltr'>conjunctam:</span> <span class='ocrx_word' id='word_1_75' title='bbox 1215 1256 1280 1321; x_wconf 79' lang='lat' dir='ltr'>Ta·</span> 
     </span>
     <span class='ocr_line' id='line_1_10' title="bbox 235 1355 1279 1448; baseline -0.002 -23"><span class='ocrx_word' id='word_1_76' title='bbox 235 1360 331 1425; x_wconf 84' lang='lat' dir='ltr'>nicam</span> <span class='ocrx_word' id='word_1_77' title='bbox 351 1361 484 1424; x_wconf 83' lang='lat' dir='ltr'>intimam</span> <span class='ocrx_word' id='word_1_78' title='bbox 497 1355 552 1448; x_wconf 61' lang='lat' dir='ltr'>rufi</span> <span class='ocrx_word' id='word_1_79' title='bbox 567 1361 600 1424; x_wconf 83' lang='lat' dir='ltr'>in</span> <span class='ocrx_word' id='word_1_80' title='bbox 620 1359 686 1424; x_wconf 81' lang='lat' dir='ltr'>locis</span> <span class='ocrx_word' id='word_1_81' title='bbox 699 1361 790 1440; x_wconf 66' lang='lat' dir='ltr'>tedis,</span> <span class='ocrx_word' id='word_1_82' title='bbox 806 1385 862 1425; x_wconf 82' lang='lat' dir='ltr'>nort</span> <span class='ocrx_word' id='word_1_83' title='bbox 875 1360 966 1443; x_wconf 77' lang='lat' dir='ltr'>exuit,</span> <span class='ocrx_word' id='word_1_84' title='bbox 980 1385 1017 1424; x_wconf 81' lang='lat' dir='ltr'>ne</span> <span class='ocrx_word' id='word_1_85' title='bbox 1025 1360 1086 1447; x_wconf 79' lang='lat' dir='ltr'>sub</span> <span class='ocrx_word' id='word_1_86' title='bbox 1103 1359 1183 1437; x_wconf 81' lang='lat' dir='ltr'>caefo,</span> <span class='ocrx_word' id='word_1_87' title='bbox 1199 1371 1279 1423; x_wconf 78' lang='lat' dir='ltr'>tara-</span> 
     </span>
     <span class='ocr_line' id='line_1_11' title="bbox 175 1461 1279 1559; baseline -0.002 -32"><span class='ocrx_word' id='word_1_88' title='bbox 175 1506 183 1515; x_wconf 77' lang='lat'><strong>·</strong></span> <span class='ocrx_word' id='word_1_89' title='bbox 236 1484 325 1551; x_wconf 83' lang='lat' dir='ltr'>quam</span> <span class='ocrx_word' id='word_1_90' title='bbox 335 1464 396 1553; x_wconf 83' lang='lat' dir='ltr'>sab</span> <span class='ocrx_word' id='word_1_91' title='bbox 415 1461 502 1528; x_wconf 78' lang='lat' dir='ltr'>omlis</span> <span class='ocrx_word' id='word_1_92' title='bbox 519 1462 605 1559; x_wconf 79' lang='lat' dir='ltr'>Javis</span> <span class='ocrx_word' id='word_1_93' title='bbox 624 1465 719 1528; x_wconf 74' lang='lat' dir='ltr'>andra</span> <span class='ocrx_word' id='word_1_94' title='bbox 728 1465 796 1550; x_wconf 82' lang='lat' dir='ltr'>stt.-</span> <span class='ocrx_word' id='word_1_95' title='bbox 817 1485 857 1529; x_wconf 87' lang='lat' dir='ltr'>ex</span> <span class='ocrx_word' id='word_1_96' title='bbox 874 1463 931 1529; x_wconf 95' lang='lat' dir='ltr'>illo</span> <span class='ocrx_word' id='word_1_97' title='bbox 948 1463 1074 1550; x_wconf 85' lang='lat' dir='ltr'>plures:</span> <span class='ocrx_word' id='word_1_98' title='bbox 1097 1462 1185 1551; x_wconf 84' lang='lat' dir='ltr'>Equo</span> <span class='ocrx_word' id='word_1_99' title='bbox 1200 1461 1279 1526; x_wconf 74' lang='lat' dir='ltr'>Fla.</span> 
     </span>
     <span class='ocr_line' id='line_1_12' title="bbox 236 1560 1280 1654; baseline 0 -24"><span class='ocrx_word' id='word_1_100' title='bbox 236 1566 340 1630; x_wconf 85' lang='lat' dir='ltr'>minem</span> <span class='ocrx_word' id='word_1_101' title='bbox 362 1565 485 1631; x_wconf 83' lang='lat' dir='ltr'>Dialem</span> <span class='ocrx_word' id='word_1_102' title='bbox 505 1566 576 1631; x_wconf 79' lang='lat' dir='ltr'>urbi</span> <span class='ocrx_word' id='word_1_103' title='bbox 595 1591 628 1630; x_wconf 82' lang='lat' dir='ltr'>re</span> <span class='ocrx_word' id='word_1_104' title='bbox 628 1565 699 1654; x_wconf 82' lang='lat' dir='ltr'>ligio</span> <span class='ocrx_word' id='word_1_105' title='bbox 720 1560 865 1654; x_wconf 72' lang='lat' dir='ltr'>est.-&#39;-Da</span> <span class='ocrx_word' id='word_1_106' title='bbox 887 1590 917 1631; x_wconf 86' lang='lat' dir='ltr'>eo</span> <span class='ocrx_word' id='word_1_107' title='bbox 940 1565 1193 1631; x_wconf 69' lang='lat' dir='ltr'>tamaianam</span> <span class='ocrx_word' id='word_1_108' title='bbox 1211 1588 1280 1630; x_wconf 85' lang='lat' dir='ltr'>con·</span> 
     </span>
     <span class='ocr_line' id='line_1_13' title="bbox 236 1659 1279 1788; baseline -0.001 -54"><span class='ocrx_word' id='word_1_109' title='bbox 236 1669 349 1734; x_wconf 83' lang='lat' dir='ltr'>tinuum</span> <span class='ocrx_word' id='word_1_110' title='bbox 365 1692 420 1733; x_wconf 82' lang='lat' dir='ltr'>nort</span> <span class='ocrx_word' id='word_1_111' title='bbox 433 1669 563 1734; x_wconf 65' lang='lat' dir='ltr'>deamat.</span> <span class='ocrx_word' id='word_1_112' title='bbox 564 1659 679 1735; x_wconf 78' lang='lat' dir='ltr'>-Sine</span> <span class='ocrx_word' id='word_1_113' title='bbox 696 1671 777 1788; x_wconf 82' lang='lat' dir='ltr'>apice</span> <span class='ocrx_word' id='word_1_114' title='bbox 786 1670 846 1757; x_wconf 78' lang='lat' dir='ltr'>sub</span> <span class='ocrx_word' id='word_1_115' title='bbox 867 1670 935 1735; x_wconf 82' lang='lat' dir='ltr'>divo</span> <span class='ocrx_word' id='word_1_116' title='bbox 954 1671 1017 1757; x_wconf 79' lang='lat' dir='ltr'>effi,</span> <span class='ocrx_word' id='word_1_117' title='bbox 1036 1668 1145 1735; x_wconf 77' lang='lat' dir='ltr'>licitum</span> <span class='ocrx_word' id='word_1_118' title='bbox 1159 1665 1279 1753; x_wconf 59' lang='lat' dir='ltr'>nonest.</span> 
     </span>
     <span class='ocr_line' id='line_1_14' title="bbox 234 1771 1278 1889; baseline -0.002 -51"><span class='ocrx_word' id='word_1_119' title='bbox 234 1771 441 1838; x_wconf 87' lang='lat' dir='ltr'>Detrimenta</span> <span class='ocrx_word' id='word_1_120' title='bbox 455 1773 590 1839; x_wconf 77' lang='lat' dir='ltr'>Graeciae</span> <span class='ocrx_word' id='word_1_121' title='bbox 605 1794 645 1838; x_wconf 88' lang='lat' dir='ltr'>ex</span> <span class='ocrx_word' id='word_1_122' title='bbox 656 1773 757 1839; x_wconf 88' lang='lat' dir='ltr'>nimio</span> <span class='ocrx_word' id='word_1_123' title='bbox 771 1773 921 1861; x_wconf 82' lang='lat' dir='ltr'>palaestrae</span> <span class='ocrx_word' id='word_1_124' title='bbox 936 1773 1038 1839; x_wconf 85' lang='lat' dir='ltr'>studio</span> <span class='ocrx_word' id='word_1_125' title='bbox 1050 1772 1278 1889; x_wconf 84' lang='lat' dir='ltr'>notavimuap.</span> 
     </span>
     <span class='ocr_line' id='line_1_15' title="bbox 237 1872 951 1963; baseline 0.003 -25"><span class='ocrx_word' id='word_1_126' title='bbox 237 1872 269 1938; x_wconf 88' lang='grc'>8.</span> <span class='ocrx_word' id='word_1_127' title='bbox 285 1872 335 1939; x_wconf 86' lang='lat' dir='ltr'>D=</span> <span class='ocrx_word' id='word_1_128' title='bbox 361 1877 534 1963; x_wconf 65' lang='grc' dir='ltr'>ξηραλοιφεῖν</span> <span class='ocrx_word' id='word_1_129' title='bbox 548 1875 797 1962; x_wconf 83' lang='lat' dir='ltr'>exposuimusp.</span> <span class='ocrx_word' id='word_1_130' title='bbox 816 1892 889 1993; x_wconf 76' lang='grc'><strong><em>152.</em></strong></span> <span class='ocrx_word' id='word_1_131' title='bbox 905 1874 951 1940; x_wconf 89' lang='lat' dir='ltr'>D.</span> 
     </span>
    </p>

    <p class='ocr_par' dir='ltr' id='par_1_5' title="bbox 235 1970 1281 2476">
     <span class='ocr_line' id='line_1_16' title="bbox 279 1970 1278 2066; baseline -0.005 -23"><span class='ocrx_word' id='word_1_132' title='bbox 279 1992 353 2061; x_wconf 85' lang='grc'><strong><em>274.</em></strong></span> <span class='ocrx_word' id='word_1_133' title='bbox 351 1970 411 2044; x_wconf 84' lang='lat' dir='ltr'><strong>E.</strong></span> <span class='ocrx_word' id='word_1_134' title='bbox 426 2003 470 2061; x_wconf 81' lang='grc' dir='ltr'>μα</span> <span class='ocrx_word' id='word_1_135' title='bbox 469 1976 504 2063; x_wconf 82' lang='grc'><strong><em>’.]</em></strong></span> <span class='ocrx_word' id='word_1_136' title='bbox 528 1978 579 2043; x_wconf 92' lang='lat' dir='ltr'>De</span> <span class='ocrx_word' id='word_1_137' title='bbox 602 1977 780 2043; x_wconf 91' lang='lat' dir='ltr'>Nummis&#39;</span> <span class='ocrx_word' id='word_1_138' title='bbox 772 1978 913 2066; x_wconf 77' lang='lat' dir='ltr'>imagine</span> <span class='ocrx_word' id='word_1_139' title='bbox 929 1975 1080 2042; x_wconf 81' lang='lat' dir='ltr'>bifrontis</span> <span class='ocrx_word' id='word_1_140' title='bbox 1094 1975 1166 2042; x_wconf 89' lang='lat' dir='ltr'>Jani</span> <span class='ocrx_word' id='word_1_141' title='bbox 1181 1973 1278 2065; x_wconf 82' lang='lat' dir='ltr'>inlig-</span> 
     </span>
     <span class='ocr_line' id='line_1_17' title="bbox 235 2077 1281 2166; baseline -0.003 -22"><span class='ocrx_word' id='word_1_142' title='bbox 235 2077 311 2145; x_wconf 88' lang='lat' dir='ltr'>nitis</span> <span class='ocrx_word' id='word_1_143' title='bbox 326 2079 461 2146; x_wconf 86' lang='lat' dir='ltr'>Ovidius</span> <span class='ocrx_word' id='word_1_144' title='bbox 474 2081 553 2146; x_wconf 89' lang='lat' dir='ltr'>Fast.</span> <span class='ocrx_word' id='word_1_145' title='bbox 570 2081 598 2146; x_wconf 94' lang='lat' dir='ltr'>l.</span> <span class='ocrx_word' id='word_1_146' title='bbox 616 2099 689 2166; x_wconf 83' lang='lat'><strong>230.</strong></span> <span class='ocrx_word' id='word_1_147' title='bbox 714 2079 836 2146; x_wconf 82' lang='lat' dir='ltr'>Plinius</span> <span class='ocrx_word' id='word_1_148' title='bbox 852 2083 898 2146; x_wconf 88' lang='lat' dir='ltr'>H.</span> <span class='ocrx_word' id='word_1_149' title='bbox 915 2081 961 2145; x_wconf 92' lang='lat' dir='ltr'><strong>N.</strong></span> <span class='ocrx_word' id='word_1_150' title='bbox 971 2079 1182 2160; x_wconf 79' lang='lat' dir='ltr'><strong>XXXlll.4=</strong></span> <span class='ocrx_word' id='word_1_151' title='bbox 1199 2077 1281 2142; x_wconf 77' lang='lat' dir='ltr'>Nma</span> 
     </span>
     <span class='ocr_line' id='line_1_18' title="bbox 235 2180 1280 2270; baseline 0.001 -25"><span class='ocrx_word' id='word_1_152' title='bbox 235 2180 377 2268; x_wconf 75' lang='lat' dir='ltr'>aerisflrit</span> <span class='ocrx_word' id='word_1_153' title='bbox 389 2206 425 2246; x_wconf 78' lang='lat' dir='ltr'>ex</span> <span class='ocrx_word' id='word_1_154' title='bbox 435 2181 530 2246; x_wconf 84' lang='lat' dir='ltr'>altera</span> <span class='ocrx_word' id='word_1_155' title='bbox 540 2194 627 2269; x_wconf 83' lang='lat' dir='ltr'>parte</span> <span class='ocrx_word' id='word_1_156' title='bbox 636 2184 731 2246; x_wconf 77' lang='lat' dir='ltr'>Janus</span> <span class='ocrx_word' id='word_1_157' title='bbox 736 2184 884 2270; x_wconf 81' lang='lat' dir='ltr'>geminus,</span> <span class='ocrx_word' id='word_1_158' title='bbox 895 2208 930 2248; x_wconf 83' lang='lat' dir='ltr'>ex</span> <span class='ocrx_word' id='word_1_159' title='bbox 940 2184 1036 2247; x_wconf 86' lang='lat' dir='ltr'>altera</span> <span class='ocrx_word' id='word_1_160' title='bbox 1045 2181 1163 2270; x_wconf 70' lang='lat' dir='ltr'>rostram</span> <span class='ocrx_word' id='word_1_161' title='bbox 1174 2181 1280 2247; x_wconf 63' lang='lat' dir='ltr'>novbr</span> 
     </span>
     <span class='ocr_line' id='line_1_19' title="bbox 235 2284 1278 2374; baseline 0.002 -26"><span class='ocrx_word' id='word_1_162' title='bbox 235 2285 267 2348; x_wconf 85' lang='lat' dir='ltr'>in</span> <span class='ocrx_word' id='word_1_163' title='bbox 289 2284 391 2349; x_wconf 78' lang='lat' dir='ltr'>triente</span> <span class='ocrx_word' id='word_1_164' title='bbox 407 2308 476 2354; x_wconf 84' lang='lat' dir='ltr'>vero</span> <span class='ocrx_word' id='word_1_165' title='bbox 495 2297 523 2348; x_wconf 79' lang='lat' dir='ltr'>et</span> <span class='ocrx_word' id='word_1_166' title='bbox 543 2285 708 2374; x_wconf 76' lang='lat' dir='ltr'>quadrante</span> <span class='ocrx_word' id='word_1_167' title='bbox 727 2297 816 2349; x_wconf 83' lang='lat' dir='ltr'>rates.</span> <span class='ocrx_word' id='word_1_168' title='bbox 862 2286 1048 2351; x_wconf 86' lang='lat' dir='ltr'>Macrobius</span> <span class='ocrx_word' id='word_1_169' title='bbox 1068 2287 1136 2350; x_wconf 89' lang='lat' dir='ltr'>Sat.</span> <span class='ocrx_word' id='word_1_170' title='bbox 1150 2284 1178 2349; x_wconf 93' lang='lat' dir='ltr'><strong>I.</strong></span> <span class='ocrx_word' id='word_1_171' title='bbox 1195 2301 1228 2370; x_wconf 89' lang='lat'>7.</span> <span class='ocrx_word' id='word_1_172' title='bbox 1243 2307 1278 2374; x_wconf 90' lang='lat' dir='ltr'>p.</span> 
     </span>
     <span class='ocr_line' id='line_1_20' title="bbox 237 2386 1279 2476; baseline -0.001 -23"><span class='ocrx_word' id='word_1_173' title='bbox 237 2405 316 2472; x_wconf 82' lang='lat'>217:</span> <span class='ocrx_word' id='word_1_174' title='bbox 340 2386 403 2452; x_wconf 84' lang='lat' dir='ltr'>Hic</span> <span class='ocrx_word' id='word_1_175' title='bbox 421 2388 514 2476; x_wconf 78' lang='lat' dir='ltr'>igitur</span> <span class='ocrx_word' id='word_1_176' title='bbox 531 2389 639 2466; x_wconf 78' lang='lat' dir='ltr'>Jnrnes,</span> <span class='ocrx_word' id='word_1_177' title='bbox 658 2410 721 2452; x_wconf 84' lang='lat' dir='ltr'>cum</span> <span class='ocrx_word' id='word_1_178' title='bbox 741 2386 902 2453; x_wconf 72' lang='lat' dir='ltr'>satanam</span> <span class='ocrx_word' id='word_1_179' title='bbox 916 2386 1003 2476; x_wconf 79' lang='lat' dir='ltr'>cfaffl</span> <span class='ocrx_word' id='word_1_180' title='bbox 1015 2394 1183 2475; x_wconf 68' lang='lat' dir='ltr'>paroeciam</span> <span class='ocrx_word' id='word_1_181' title='bbox 1197 2411 1279 2452; x_wconf 77' lang='lat' dir='ltr'>exce·</span> 
     </span>
    </p>
   </div>
   <div class='ocr_carea' id='block_1_3' title="bbox 134 2489 1322 2579">
    <p class='ocr_par' dir='ltr' id='par_1_6' title="bbox 134 2489 1322 2579">
     <span class='ocr_line' id='line_1_21' title="bbox 134 2489 1322 2579; baseline 0.001 -25"><span class='ocrx_word' id='word_1_182' title='bbox 134 2517 136 2521; x_wconf 64' lang='lat'>,</span> <span class='ocrx_word' id='word_1_183' title='bbox 232 2489 316 2578; x_wconf 69' lang='grc'><strong><em>’7171</em></strong></span> <span class='ocrx_word' id='word_1_184' title='bbox 336 2490 464 2579; x_wconf 76' lang='lat' dir='ltr'>hospitio,</span> <span class='ocrx_word' id='word_1_185' title='bbox 487 2504 514 2554; x_wconf 81' lang='lat' dir='ltr'>et</span> <span class='ocrx_word' id='word_1_186' title='bbox 535 2491 573 2555; x_wconf 82' lang='lat' dir='ltr'>at</span> <span class='ocrx_word' id='word_1_187' title='bbox 593 2513 622 2554; x_wconf 82' lang='lat' dir='ltr'>eo</span> <span class='ocrx_word' id='word_1_188' title='bbox 644 2490 755 2556; x_wconf 80' lang='lat' dir='ltr'>edoctus</span> <span class='ocrx_word' id='word_1_189' title='bbox 774 2492 911 2579; x_wconf 76' lang='lat' dir='ltr'>peritiam</span> <span class='ocrx_word' id='word_1_190' title='bbox 936 2491 1013 2555; x_wconf 66' lang='lat' dir='ltr'>ruris</span> <span class='ocrx_word' id='word_1_191' title='bbox 1022 2489 1126 2578; x_wconf 66' lang='lat' dir='ltr'>suam</span> <span class='ocrx_word' id='word_1_192' title='bbox 1147 2489 1234 2555; x_wconf 73' lang='lat' dir='ltr'>illam</span> <span class='ocrx_word' id='word_1_193' title='bbox 1253 2501 1282 2555; x_wconf 82' lang='lat' dir='ltr'>et</span> <span class='ocrx_word' id='word_1_194' title='bbox 1317 2502 1322 2524; x_wconf 81' lang='lat'><strong>¹</strong></span> 
     </span>
    </p>
   </div>
   <div class='ocr_carea' id='block_1_4' title="bbox 227 2592 1281 3192">
    <p class='ocr_par' dir='ltr' id='par_1_7' title="bbox 227 2592 1281 3192">
     <span class='ocr_line' id='line_1_22' title="bbox 233 2592 1281 2683; baseline -0.001 -24"><span class='ocrx_word' id='word_1_195' title='bbox 233 2592 336 2659; x_wconf 75' lang='lat' dir='ltr'>mdem</span> <span class='ocrx_word' id='word_1_196' title='bbox 354 2606 422 2658; x_wconf 82' lang='lat' dir='ltr'>ante</span> <span class='ocrx_word' id='word_1_197' title='bbox 431 2594 543 2682; x_wconf 74' lang='lat' dir='ltr'>finges</span> <span class='ocrx_word' id='word_1_198' title='bbox 561 2594 689 2681; x_wconf 76' lang='lat' dir='ltr'>cognitas</span> <span class='ocrx_word' id='word_1_199' title='bbox 709 2595 819 2659; x_wconf 68' lang='lat' dir='ltr'>vidum</span> <span class='ocrx_word' id='word_1_200' title='bbox 840 2593 871 2659; x_wconf 84' lang='lat' dir='ltr'>in</span> <span class='ocrx_word' id='word_1_201' title='bbox 892 2593 993 2659; x_wconf 78' lang='lat' dir='ltr'>melius</span> <span class='ocrx_word' id='word_1_202' title='bbox 1013 2594 1174 2683; x_wconf 60' lang='lat' dir='ltr'>redegffrt,</span> <span class='ocrx_word' id='word_1_203' title='bbox 1193 2593 1281 2682; x_wconf 81' lang='lat' dir='ltr'>regni</span> 
     </span>
     <span class='ocr_line' id='line_1_23' title="bbox 233 2694 1277 2786; baseline 0 -26"><span class='ocrx_word' id='word_1_204' title='bbox 233 2694 437 2784; x_wconf 80' lang='lat' dir='ltr'>aumsocietata</span> <span class='ocrx_word' id='word_1_205' title='bbox 450 2696 625 2761; x_wconf 78' lang='lat' dir='ltr'>numeravit.</span> <span class='ocrx_word' id='word_1_206' title='bbox 656 2696 730 2761; x_wconf 84' lang='lat' dir='ltr'>Cam</span> <span class='ocrx_word' id='word_1_207' title='bbox 742 2695 852 2784; x_wconf 80' lang='lat' dir='ltr'>primus</span> <span class='ocrx_word' id='word_1_208' title='bbox 868 2719 976 2786; x_wconf 76' lang='lat' dir='ltr'>qaoque</span> <span class='ocrx_word' id='word_1_209' title='bbox 989 2695 1203 2784; x_wconf 84' lang='lat' dir='ltr'>aerafignaret‚</span> <span class='ocrx_word' id='word_1_210' title='bbox 1214 2718 1277 2760; x_wconf 80' lang='lat' dir='ltr'>ser-</span> 
     </span>
     <span class='ocr_line' id='line_1_24' title="bbox 232 2794 1281 2887; baseline -0.002 -25"><span class='ocrx_word' id='word_1_211' title='bbox 232 2797 323 2862; x_wconf 80' lang='lat' dir='ltr'>vavit</span> <span class='ocrx_word' id='word_1_212' title='bbox 335 2811 365 2861; x_wconf 84' lang='lat' dir='ltr'>et</span> <span class='ocrx_word' id='word_1_213' title='bbox 377 2797 408 2862; x_wconf 84' lang='lat' dir='ltr'>in</span> <span class='ocrx_word' id='word_1_214' title='bbox 420 2799 470 2861; x_wconf 85' lang='lat' dir='ltr'>hoc</span> <span class='ocrx_word' id='word_1_215' title='bbox 482 2796 608 2864; x_wconf 83' lang='lat' dir='ltr'>Saturni</span> <span class='ocrx_word' id='word_1_216' title='bbox 621 2798 822 2878; x_wconf 74' lang='lat' dir='ltr'>reverentiam,</span> <span class='ocrx_word' id='word_1_217' title='bbox 834 2811 868 2862; x_wconf 83' lang='lat' dir='ltr'>ut</span> <span class='ocrx_word' id='word_1_218' title='bbox 880 2798 1015 2887; x_wconf 79' lang='lat' dir='ltr'>quoniam</span> <span class='ocrx_word' id='word_1_219' title='bbox 1030 2796 1084 2861; x_wconf 82' lang='lat' dir='ltr'>ille</span> <span class='ocrx_word' id='word_1_220' title='bbox 1095 2794 1281 2884; x_wconf 73' lang='lat' dir='ltr'>navifioerat</span> 
     </span>
     <span class='ocr_line' id='line_1_25' title="bbox 232 2897 1280 2989; baseline -0.001 -25"><span class='ocrx_word' id='word_1_221' title='bbox 232 2899 385 2981; x_wconf 73' lang='lat' dir='ltr'>advefim,</span> <span class='ocrx_word' id='word_1_222' title='bbox 403 2924 439 2963; x_wconf 79' lang='lat' dir='ltr'>etr</span> <span class='ocrx_word' id='word_1_223' title='bbox 459 2922 521 2964; x_wconf 80' lang='lat' dir='ltr'>una</span> <span class='ocrx_word' id='word_1_224' title='bbox 545 2900 659 2989; x_wconf 85' lang='lat' dir='ltr'>quidem</span> <span class='ocrx_word' id='word_1_225' title='bbox 682 2911 769 2989; x_wconf 85' lang='lat' dir='ltr'>parte</span> <span class='ocrx_word' id='word_1_226' title='bbox 778 2900 831 2988; x_wconf 83' lang='lat' dir='ltr'>sui</span> <span class='ocrx_word' id='word_1_227' title='bbox 852 2899 954 2987; x_wconf 83' lang='lat' dir='ltr'>capitis</span> <span class='ocrx_word' id='word_1_228' title='bbox 977 2897 1099 2988; x_wconf 74' lang='lat' dir='ltr'>ffgt&#39;cs,</span> <span class='ocrx_word' id='word_1_229' title='bbox 1121 2923 1156 2963; x_wconf 77' lang='lat' dir='ltr'>ex</span> <span class='ocrx_word' id='word_1_230' title='bbox 1180 2897 1280 2963; x_wconf 81' lang='lat' dir='ltr'>altera</span> 
     </span>
     <span class='ocr_line' id='line_1_26' title="bbox 232 2999 1280 3092; baseline -0.002 -26"><span class='ocrx_word' id='word_1_231' title='bbox 232 3024 300 3066; x_wconf 84' lang='lat' dir='ltr'>vero</span> <span class='ocrx_word' id='word_1_232' title='bbox 323 3003 411 3068; x_wconf 82' lang='lat' dir='ltr'>navis</span> <span class='ocrx_word' id='word_1_233' title='bbox 436 3004 660 3092; x_wconf 59' lang='lat' dir='ltr'>exprimentum</span> <span class='ocrx_word' id='word_1_234' title='bbox 692 3029 747 3091; x_wconf 84' lang='lat' dir='ltr'>quo</span> <span class='ocrx_word' id='word_1_235' title='bbox 771 3003 895 3068; x_wconf 76' lang='lat' dir='ltr'>Saturni</span> <span class='ocrx_word' id='word_1_236' title='bbox 914 3003 1078 3068; x_wconf 80' lang='lat' dir='ltr'>memoriam</span> <span class='ocrx_word' id='word_1_237' title='bbox 1100 3002 1144 3066; x_wconf 82' lang='lat' dir='ltr'>od</span> <span class='ocrx_word' id='word_1_238' title='bbox 1157 2999 1280 3089; x_wconf 81' lang='lat' dir='ltr'>posteros</span> 
     </span>
     <span class='ocr_line' id='line_1_27' title="bbox 227 3103 1280 3192; baseline 0 -24"><span class='ocrx_word' id='word_1_239' title='bbox 227 3114 416 3192; x_wconf 79' lang='lat' dir='ltr'>propagaret.</span> <span class='ocrx_word' id='word_1_240' title='bbox 455 3104 642 3170; x_wconf 73' lang='lat' dir='ltr'>Lactantius</span> <span class='ocrx_word' id='word_1_241' title='bbox 665 3104 766 3168; x_wconf 86' lang='lat' dir='ltr'>Instit.</span> <span class='ocrx_word' id='word_1_242' title='bbox 789 3105 864 3169; x_wconf 90' lang='lat' dir='ltr'>Div.</span> <span class='ocrx_word' id='word_1_243' title='bbox 887 3106 915 3170; x_wconf 96' lang='grc' dir='ltr'>Ι.</span> <span class='ocrx_word' id='word_1_244' title='bbox 938 3123 989 3189; x_wconf 84' lang='grc'>15.</span> <span class='ocrx_word' id='word_1_245' title='bbox 1009 3120 1042 3188; x_wconf 88' lang='lat'><strong>7.</strong></span> <span class='ocrx_word' id='word_1_246' title='bbox 1068 3103 1147 3169; x_wconf 90' lang='lat' dir='ltr'>item</span> <span class='ocrx_word' id='word_1_247' title='bbox 1170 3114 1280 3168; x_wconf 86' lang='lat' dir='ltr'>narrat</span> 
     </span>
    </p>
   </div>
   <div class='ocr_carea' id='block_1_5' title="bbox 135 3203 1279 3293">
    <p class='ocr_par' dir='ltr' id='par_1_8' title="bbox 135 3203 1279 3293">
     <span class='ocr_line' id='line_1_28' title="bbox 135 3203 1279 3293; baseline 0.001 -26"><span class='ocrx_word' id='word_1_248' title='bbox 135 3281 140 3288; x_wconf 19' lang='grc' dir='ltr'>ἰ</span> <span class='ocrx_word' id='word_1_249' title='bbox 233 3203 339 3268; x_wconf 82' lang='lat' dir='ltr'>Ovidii</span> <span class='ocrx_word' id='word_1_250' title='bbox 362 3206 467 3270; x_wconf 87' lang='lat' dir='ltr'>versus</span> <span class='ocrx_word' id='word_1_251' title='bbox 488 3226 667 3293; x_wconf 88' lang='lat' dir='ltr'>apponens.</span> <span class='ocrx_word' id='word_1_252' title='bbox 712 3204 862 3270; x_wconf 86' lang='lat' dir='ltr'>Addatur</span> <span class='ocrx_word' id='word_1_253' title='bbox 876 3204 927 3269; x_wconf 88' lang='lat' dir='ltr'>his</span> <span class='ocrx_word' id='word_1_254' title='bbox 944 3205 1075 3269; x_wconf 85' lang='lat' dir='ltr'>Dracon</span> <span class='ocrx_word' id='word_1_255' title='bbox 1095 3205 1279 3291; x_wconf 90' lang='lat' dir='ltr'>Corcyreus</span> 
     </span>
    </p>
   </div>
   <div class='ocr_carea' id='block_1_6' title="bbox 160 3290 1279 4416">
    <p class='ocr_par' dir='ltr' id='par_1_9' title="bbox 160 3290 1279 4416">
     <span class='ocr_line' id='line_1_29' title="bbox 233 3290 1278 3394; baseline 0 -24"><span class='ocrx_word' id='word_1_256' title='bbox 233 3304 321 3392; x_wconf 88' lang='lat' dir='ltr'>apud</span> <span class='ocrx_word' id='word_1_257' title='bbox 335 3306 533 3372; x_wconf 84' lang='lat' dir='ltr'>Athenaeum</span> <span class='ocrx_word' id='word_1_258' title='bbox 550 3309 624 3372; x_wconf 89' lang='lat' dir='ltr'><strong>XV.</strong></span> <span class='ocrx_word' id='word_1_259' title='bbox 641 3328 675 3394; x_wconf 94' lang='lat' dir='ltr'><strong>p.</strong></span> <span class='ocrx_word' id='word_1_260' title='bbox 690 3309 766 3394; x_wconf 77' lang='lat'><strong>692.</strong></span> <span class='ocrx_word' id='word_1_261' title='bbox 783 3307 825 3373; x_wconf 93' lang='lat' dir='ltr'><strong>C.</strong></span> <span class='ocrx_word' id='word_1_262' title='bbox 862 3307 915 3372; x_wconf 89' lang='lat' dir='ltr'>De</span> <span class='ocrx_word' id='word_1_263' title='bbox 936 3290 1090 3373; x_wconf 86' lang='lat' dir='ltr'>Nummis</span> <span class='ocrx_word' id='word_1_264' title='bbox 1112 3305 1278 3393; x_wconf 87' lang='lat' dir='ltr'>pecudum</span> 
     </span>
     <span class='ocr_line' id='line_1_30' title="bbox 232 3407 1279 3499; baseline 0.001 -26"><span class='ocrx_word' id='word_1_265' title='bbox 232 3407 322 3496; x_wconf 82' lang='lat' dir='ltr'>figno</span> <span class='ocrx_word' id='word_1_266' title='bbox 332 3408 451 3474; x_wconf 85' lang='lat' dir='ltr'>notatis</span> <span class='ocrx_word' id='word_1_267' title='bbox 453 3409 721 3499; x_wconf 80' lang='lat' dir='ltr'>‚nominibusque</span> <span class='ocrx_word' id='word_1_268' title='bbox 735 3410 927 3476; x_wconf 81' lang='lat' dir='ltr'>familiarum</span> <span class='ocrx_word' id='word_1_269' title='bbox 938 3433 958 3475; x_wconf 86' lang='lat' dir='ltr'>a</span> <span class='ocrx_word' id='word_1_270' title='bbox 968 3409 1131 3497; x_wconf 87' lang='lat' dir='ltr'>pecudum</span> <span class='ocrx_word' id='word_1_271' title='bbox 1145 3408 1279 3474; x_wconf 87' lang='lat' dir='ltr'>nomine</span> 
     </span>
     <span class='ocr_line' id='line_1_31' title="bbox 232 3507 1278 3598; baseline 0 -24"><span class='ocrx_word' id='word_1_272' title='bbox 232 3507 349 3591; x_wconf 71' lang='lat' dir='ltr'>duciis,</span> <span class='ocrx_word' id='word_1_273' title='bbox 362 3510 513 3598; x_wconf 81' lang='lat' dir='ltr'>geminus</span> <span class='ocrx_word' id='word_1_274' title='bbox 528 3512 571 3577; x_wconf 88' lang='lat' dir='ltr'>est</span> <span class='ocrx_word' id='word_1_275' title='bbox 585 3512 677 3578; x_wconf 89' lang='lat' dir='ltr'>locus</span> <span class='ocrx_word' id='word_1_276' title='bbox 693 3511 881 3578; x_wconf 87' lang='lat' dir='ltr'>Plutarcbi&#39;</span> <span class='ocrx_word' id='word_1_277' title='bbox 873 3536 905 3578; x_wconf 91' lang='lat' dir='ltr'>rn</span> <span class='ocrx_word' id='word_1_278' title='bbox 923 3510 1086 3578; x_wconf 88' lang='lat' dir='ltr'>Publicola</span> <span class='ocrx_word' id='word_1_279' title='bbox 1101 3532 1135 3596; x_wconf 95' lang='lat' dir='ltr'>p.</span> <span class='ocrx_word' id='word_1_280' title='bbox 1150 3529 1223 3597; x_wconf 84' lang='lat'><strong>103.</strong></span> <span class='ocrx_word' id='word_1_281' title='bbox 1236 3510 1278 3574; x_wconf 93' lang='lat' dir='ltr'><strong>B.</strong></span> 
     </span>
     <span class='ocr_line' id='line_1_32' title="bbox 275 3613 1277 3703; baseline -0.003 -24"><span class='ocrx_word' id='word_1_282' title='bbox 275 3633 309 3700; x_wconf 90' lang='lat' dir='ltr'><strong>p.</strong></span> <span class='ocrx_word' id='word_1_283' title='bbox 327 3629 401 3698; x_wconf 84' lang='lat'><strong>275.</strong></span> <span class='ocrx_word' id='word_1_284' title='bbox 416 3615 459 3679; x_wconf 88' lang='lat' dir='ltr'><strong>A.</strong></span> <span class='ocrx_word' id='word_1_285' title='bbox 473 3613 553 3700; x_wconf 47' lang='lat' dir='ltr'>papst]</span> <span class='ocrx_word' id='word_1_286' title='bbox 577 3616 621 3680; x_wconf 87' lang='lat' dir='ltr'>Et</span> <span class='ocrx_word' id='word_1_287' title='bbox 638 3614 737 3703; x_wconf 88' lang='lat' dir='ltr'>hujus</span> <span class='ocrx_word' id='word_1_288' title='bbox 756 3614 947 3680; x_wconf 82' lang='lat' dir='ltr'>Quaestionis</span> <span class='ocrx_word' id='word_1_289' title='bbox 960 3613 1092 3701; x_wconf 82' lang='lat' dir='ltr'>gemina</span> <span class='ocrx_word' id='word_1_290' title='bbox 1107 3613 1149 3677; x_wconf 84' lang='lat' dir='ltr'>est</span> <span class='ocrx_word' id='word_1_291' title='bbox 1165 3634 1277 3677; x_wconf 84' lang='lat' dir='ltr'>narra-</span> 
     </span>
     <span class='ocr_line' id='line_1_33' title="bbox 231 3710 1279 3805; baseline -0.004 -24"><span class='ocrx_word' id='word_1_292' title='bbox 231 3714 280 3782; x_wconf 91' lang='lat' dir='ltr'>tio</span> <span class='ocrx_word' id='word_1_293' title='bbox 294 3715 328 3782; x_wconf 93' lang='lat' dir='ltr'>in</span> <span class='ocrx_word' id='word_1_294' title='bbox 344 3715 508 3781; x_wconf 88' lang='lat' dir='ltr'>Publicola</span> <span class='ocrx_word' id='word_1_295' title='bbox 522 3737 555 3803; x_wconf 93' lang='lat' dir='ltr'><strong>p.</strong></span> <span class='ocrx_word' id='word_1_296' title='bbox 575 3735 646 3802; x_wconf 86' lang='lat'><strong>103.</strong></span> <span class='ocrx_word' id='word_1_297' title='bbox 662 3718 782 3782; x_wconf 85' lang='lat' dir='ltr'><strong>A-D.</strong></span> <span class='ocrx_word' id='word_1_298' title='bbox 815 3710 994 3805; x_wconf 83' lang='lat' dir='ltr'>Singularis</span> <span class='ocrx_word' id='word_1_299' title='bbox 1008 3716 1051 3780; x_wconf 85' lang='lat' dir='ltr'>est</span> <span class='ocrx_word' id='word_1_300' title='bbox 1065 3714 1136 3779; x_wconf 78' lang='lat' dir='ltr'>hac</span> <span class='ocrx_word' id='word_1_301' title='bbox 1150 3712 1279 3782; x_wconf 85' lang='lat' dir='ltr'>mentio</span> 
     </span>
     <span class='ocr_line' id='line_1_34' title="bbox 230 3814 1279 3908; baseline -0.002 -25"><span class='ocrx_word' id='word_1_302' title='bbox 230 3819 375 3886; x_wconf 86' lang='lat' dir='ltr'>versuum</span> <span class='ocrx_word' id='word_1_303' title='bbox 388 3818 593 3886; x_wconf 83' lang='lat' dir='ltr'>Antimachi:</span> <span class='ocrx_word' id='word_1_304' title='bbox 608 3820 641 3884; x_wconf 88' lang='lat' dir='ltr'>in</span> <span class='ocrx_word' id='word_1_305' title='bbox 657 3820 775 3908; x_wconf 90' lang='lat' dir='ltr'>quibus</span> <span class='ocrx_word' id='word_1_306' title='bbox 789 3835 917 3908; x_wconf 88' lang='lat' dir='ltr'>poetam</span> <span class='ocrx_word' id='word_1_307' title='bbox 931 3820 972 3883; x_wconf 91' lang='lat' dir='ltr'>ab</span> <span class='ocrx_word' id='word_1_308' title='bbox 985 3832 1119 3882; x_wconf 89' lang='lat' dir='ltr'>auctore</span> <span class='ocrx_word' id='word_1_309' title='bbox 1134 3814 1279 3882; x_wconf 83' lang='lat' dir='ltr'>Hefiodo</span> 
     </span>
     <span class='ocr_line' id='line_1_35' title="bbox 160 3916 1277 4009; baseline -0.006 -21"><span class='ocrx_word' id='word_1_310' title='bbox 160 3932 164 3945; x_wconf 88' lang='lat'>&#39;</span> <span class='ocrx_word' id='word_1_311' title='bbox 231 3921 402 4009; x_wconf 79' lang='lat' dir='ltr'>lbeogon.</span> <span class='ocrx_word' id='word_1_312' title='bbox 428 3921 502 4000; x_wconf 89' lang='lat'>160,</span> <span class='ocrx_word' id='word_1_313' title='bbox 526 3921 720 4008; x_wconf 73' lang='lat' dir='ltr'>profedium,</span> <span class='ocrx_word' id='word_1_314' title='bbox 746 3935 779 3988; x_wconf 90' lang='lat' dir='ltr'>et</span> <span class='ocrx_word' id='word_1_315' title='bbox 802 3943 863 4008; x_wconf 94' lang='lat' dir='ltr'>pro</span> <span class='ocrx_word' id='word_1_316' title='bbox 885 3919 983 4008; x_wconf 74' lang='grc' dir='ltr'>λέχριε</span> <span class='ocrx_word' id='word_1_317' title='bbox 1009 3916 1277 4005; x_wconf 72' lang='grc' dir='ltr'><strong><em>1ο11111111χρια,</em></strong></span> 
     </span>
     <span class='ocr_line' id='line_1_36' title="bbox 231 4015 1279 4112; baseline -0.005 -23"><span class='ocrx_word' id='word_1_318' title='bbox 231 4023 280 4089; x_wconf 81' lang='lat' dir='ltr'>vel</span> <span class='ocrx_word' id='word_1_319' title='bbox 296 4023 406 4110; x_wconf 73' lang='grc' dir='ltr'>λέχρις,</span> <span class='ocrx_word' id='word_1_320' title='bbox 419 4045 494 4089; x_wconf 86' lang='lat' dir='ltr'>cunr</span> <span class='ocrx_word' id='word_1_321' title='bbox 509 4023 587 4112; x_wconf 89' lang='lat' dir='ltr'><strong>Xyl.</strong></span> <span class='ocrx_word' id='word_1_322' title='bbox 602 4049 638 4088; x_wconf 75' lang='lat' dir='ltr'>ea</span> <span class='ocrx_word' id='word_1_323' title='bbox 651 4024 821 4112; x_wconf 65' lang='lat' dir='ltr'>obliquare</span> <span class='ocrx_word' id='word_1_324' title='bbox 834 4024 1006 4112; x_wconf 76' lang='lat' dir='ltr'>transversa,</span> <span class='ocrx_word' id='word_1_325' title='bbox 1022 4021 1198 4110; x_wconf 83' lang='lat' dir='ltr'>legendum</span> <span class='ocrx_word' id='word_1_326' title='bbox 1214 4015 1279 4085; x_wconf 79' lang='lat' dir='ltr'>esse</span> 
     </span>
     <span class='ocr_line' id='line_1_37' title="bbox 231 4122 1278 4214; baseline -0.003 -23"><span class='ocrx_word' id='word_1_327' title='bbox 231 4125 359 4191; x_wconf 89' lang='lat' dir='ltr'>monuit</span> <span class='ocrx_word' id='word_1_328' title='bbox 371 4126 596 4191; x_wconf 88' lang='lat' dir='ltr'>eruditiflimus</span> <span class='ocrx_word' id='word_1_329' title='bbox 607 4127 741 4214; x_wconf 87' lang='lat' dir='ltr'>scriptor</span> <span class='ocrx_word' id='word_1_330' title='bbox 752 4127 824 4193; x_wconf 91' lang='lat' dir='ltr'>libri</span> <span class='ocrx_word' id='word_1_331' title='bbox 841 4128 893 4192; x_wconf 89' lang='lat' dir='ltr'>De</span> <span class='ocrx_word' id='word_1_332' title='bbox 905 4124 1095 4192; x_wconf 84' lang='lat' dir='ltr'>Antimachi</span> <span class='ocrx_word' id='word_1_333' title='bbox 1108 4122 1278 4211; x_wconf 84' lang='lat' dir='ltr'>Reliquiis,</span> 
     </span>
     <span class='ocr_line' id='line_1_38' title="bbox 231 4223 1150 4319; baseline 0 -29"><span class='ocrx_word' id='word_1_334' title='bbox 231 4223 310 4290; x_wconf 86' lang='lat' dir='ltr'>editi</span> <span class='ocrx_word' id='word_1_335' title='bbox 324 4225 418 4292; x_wconf 79' lang='lat' dir='ltr'>Halae</span> <span class='ocrx_word' id='word_1_336' title='bbox 433 4230 506 4319; x_wconf 83' lang='grc'><strong><em>811.</em></strong></span> <span class='ocrx_word' id='word_1_337' title='bbox 523 4251 553 4295; x_wconf 85' lang='lat' dir='ltr'>a.</span> <span class='ocrx_word' id='word_1_338' title='bbox 570 4229 895 4295; x_wconf 86' lang='lat' dir='ltr'><strong>MDCCLXXXVI.</strong></span> <span class='ocrx_word' id='word_1_339' title='bbox 910 4229 1014 4294; x_wconf 88' lang='lat' dir='ltr'>forma</span> <span class='ocrx_word' id='word_1_340' title='bbox 1028 4227 1150 4293; x_wconf 69' lang='lat' dir='ltr'>octava.</span> 
     </span>
     <span class='ocr_line' id='line_1_39' title="bbox 274 4316 1277 4416; baseline -0.002 -22.913"><span class='ocrx_word' id='word_1_341' title='bbox 274 4327 403 4413; x_wconf 85' lang='grc' dir='ltr'><strong><em>275.7.Β</em></strong></span> <span class='ocrx_word' id='word_1_342' title='bbox 393 4327 499 4416; x_wconf 60' lang='grc'><strong><em>..71721</em></strong></span> <span class='ocrx_word' id='word_1_343' title='bbox 515 4330 593 4397; x_wconf 89' lang='lat' dir='ltr'>Huc</span> <span class='ocrx_word' id='word_1_344' title='bbox 609 4316 767 4399; x_wconf 78' lang='lat' dir='ltr'>referatur</span> <span class='ocrx_word' id='word_1_345' title='bbox 779 4328 861 4413; x_wconf 81' lang='lat' dir='ltr'>illud</span> <span class='ocrx_word' id='word_1_346' title='bbox 874 4330 958 4398; x_wconf 83' lang='lat' dir='ltr'>Livii</span> <span class='ocrx_word' id='word_1_347' title='bbox 973 4330 1078 4396; x_wconf 87' lang='lat' dir='ltr'><strong>XLV.</strong></span> <span class='ocrx_word' id='word_1_348' title='bbox 1096 4347 1157 4415; x_wconf 91' lang='grc'>15.</span> <span class='ocrx_word' id='word_1_349' title='bbox 1148 4326 1277 4392; x_wconf 81' lang='lat' dir='ltr'>··Mas</span> 
     </span>
    </p>
   </div>
   <div class='ocr_carea' id='block_1_7' title="bbox 0 0 1362 4770">
    <p class='ocr_par' dir='ltr' id='par_1_10' title="bbox 0 0 1362 4770">
     <span class='ocr_line' id='line_1_40' title="bbox 0 0 1362 4770; baseline 0 1"><span class='ocrx_word' id='word_1_350' title='bbox 0 0 1362 4770; x_wconf 95' lang='lat' dir='ltr'> </span> 
     </span>
    </p>
   </div>
  </div>
 </body>
</html>
