2714 4770
152 365 191 426 50
292 347 330 404 n.
351 347 399 403 w.
420 347 616 405 nnnnnv.
639 347 684 404 tn
705 344 936 404 runrnncnr
957 327 1040 402 un.

60 590 72 602 .
143 510 149 525 “
197 507 270 592 385.
284 507 331 570 D.
344 505 413 591 rifi]
436 505 590 592 Appofite
612 503 743 571 Ovidius
761 504 839 569 Fast.
856 504 901 567 11.
915 518 1099 589 510—530.
1124 503 1185 567 Fe-

152 607 215 674 stus
229 608 261 673 in
281 608 464 673 Fornacalis.
501 607 592 672 Idem
607 622 641 673 et
658 607 772 674 Paulus
787 607 819 671 in
837 604 1010 691 Quirinalia
1024 619 1058 669 et
1073 603 1185 669 Stulto-

151 735 216 775 rum
229 711 338 775 Ferioe.

196 815 269 899 285.
284 817 323 879 E.
340 813 391 901 lh]
419 812 537 879 Plinius
559 815 606 877 H.
622 814 667 877 N.
682 815 726 879 X.
744 834 785 896 41
799 838 807 877 ο
832 812 935 876 Romae
948 811 979 875 in
993 812 1089 875 cedem
1104 810 1186 874 Her-

151 915 223 980 culis
236 917 267 979 in
269 914 339 1002 foro
353 915 448 978 boario
462 939 512 979 nec
525 916 631 1000 muscae
645 939 695 979 nec
708 938 790 978 canes
804 914 929 977 intrant.
975 913 1043 977 Ubi
1057 911 1187 977 videan-

153 1033 207 1083 tur
237 1017 439 1103 interpretes,
464 1029 498 1080 et
518 1017 685 1081 Salmafius
708 1017 846 1081 Exercit.
867 1015 947 1080 Plin.
972 1036 1005 1100 p.
1030 1013 1062 1076 8.
1086 1013 1121 1076 b.
1144 1012 1188 1075 G.

152 1117 297 1185 Evander
317 1117 452 1182 Herculi
474 1116 543 1182 vivo
565 1118 766 1194 sacrificavit;
789 1117 865 1181 teste
887 1115 1042 1202 Dionysio
1062 1113 1141 1178 Hal.
1162 1113 1188 1175 l.

151 1240 206 1302 40.
238 1219 329 1282 Livio
343 1219 371 1281 1.
389 1233 419 1311 7.
434 1218 514 1282 aliis.
538 1218 688 1284 Herculis
703 1240 845 1306 pugnarn
861 1213 1006 1281 adversus
1020 1215 1190 1301 Hippoco-

152 1320 290 1399 ontidas,
301 1321 405 1386 OEoni
416 1321 537 1398 casum,
549 1320 680 1406 Iphiclis
691 1321 830 1399 obitum,
841 1319 955 1384 diserte
966 1333 1072 1384 narrat
1083 1315 1189 1406 Apol·

151 1421 283 1490 lodorus
310 1423 354 1485 11.
377 1439 409 1507 7,
431 1442 464 1508 3.
492 1421 656 1487 Diodorus
678 1422 744 1487 Sic.
768 1423 826 1487 IV.
845 1441 899 1507 33.
937 1419 1104 1486 Pausanias
1123 1419 1188 1483 111.

156 1542 206 1607 15.
223 1522 289 1602 alii,
311 1546 391 1610 quos
413 1537 572 1588 memorat
586 1523 736 1611 Heynius
751 1521 792 1588 ad
805 1521 1042 1609 Apollodorum
1058 1521 1082 1584 l.
1100 1543 1131 1585 c.

196 1626 270 1712 285.
286 1628 321 1690 F.
342 1625 412 1710 ;ᾳ’.]
437 1624 626 1691 Plutarchus
640 1624 780 1717 Camillo
795 1646 828 1712 p.
848 1626 919 1706 148.
934 1626 981 1689 D.
1012 1621 1187 1703 Publicola,

154 1746 227 1809 103.
249 1727 290 1792 C.
326 1726 434 1792 Livius
451 1730 511 1799 Vl.
532 1747 563 1794 3.
591 1726 790 1815 Legendum
813 1727 947 1817 rugans&
970 1728 1002 1789 δι’
1027 1724 1070 1797 ὅν.
1090 1737 1124 1790 et
1147 1725 1188 1791 fic

151 1830 242 1897 Mea.

195 1937 235 2001 28
236 1949 269 2019 5.
285 1938 319 1999 F.
335 1934 411 2022 ἰβᾶ]
437 1935 489 2000 De
505 1957 624 2000 corona
637 1933 738 2000 civica
754 1956 812 2000 cur
831 1955 953 2021 querna
973 1933 1020 2011 fit,
1035 1930 1189 2019 geminus

151 2036 195 2101 est
218 2036 380 2102 Plutarchi
398 2037 488 2102 locus
509 2037 541 2102 in
565 2037 739 2103 Coriolano
761 2058 795 2123 p.
819 2055 892 2118 214.
914 2038 953 2101 Ε.
985 2032 1110 2098 Similia
1124 2044 1190 2096 tra·

151 2138 234 2205 dunt
247 2140 366 2204 Plinius
380 2143 426 2204 H.
441 2143 487 2205 N.
503 2142 596 2205 XVI.
609 2156 642 2225 5.
656 2154 690 2204 et
705 2139 830 2204 Gellius
844 2140 886 2203 V.
900 2141 931 2202 6.

186 2249 226 2330 p.
243 2243 316 2310 386.
327 2245 370 2305 A.
386 2241 464 2327 572]
481 2243 523 2305 Et
538 2241 634 2329 hujus
649 2240 840 2329 Quaestionis
854 2239 985 2326 gemina
995 2239 1038 2303 esi
1049 2235 1189 2302 namatio

152 2342 314 2431 Plutarchi
333 2342 365 2407 in
381 2343 521 2408 Romulo
539 2365 572 2428 p.
586 2362 638 2427 33.
654 2346 697 2406 A.
720 2363 795 2406 cum
816 2341 929 2406 eadem
951 2354 984 2406 et
1006 2336 1191 2426 argumenti

152 2459 188 2513 et
211 2444 358 2532 AEschyli
385 2459 419 2509 et
447 2443 608 2509 Herodoti
634 2442 759 2508 Pontici
789 2443 964 2532 mentione.
1010 2442 1048 2506 In
1074 2439 1190 2505 eadem

152 2548 256 2613 caussa
276 2560 309 2612 et
328 2549 415 2632 γυπὸς
436 2546 645 2633 descriptione
658 2545 820 2610 Aristoteli
835 2546 917 2610 Hisl.
930 2545 997 2608 An.
1012 2545 1074 2608 VI.
1088 2558 1122 2627 5.
1138 2542 1188 2606 ci-

151 2660 240 2712 tatur
251 2648 398 2735 Ἡρόδοτος
413 2653 425 2710 ὁ
441 2647 601 2733 Βρῦσοωοος
614 2655 661 2712 τοῦ
676 2638 807 2728 οοφοστοῧ
822 2647 928 2731 scrip:
949 2656 983 2708 et
994 2642 1112 2720 rursuS,
1125 2643 1188 2708 IX.

153 2769 189 2814 11
202 2776 211 2815 t
226 2752 378 2838 Ἡρόδωρος
393 2757 405 2814 ὁ
419 2759 467 2815 τοῦ
482 2751 623 2837 Βρύσωνος
637 2760 685 2815 τοῦ
696 2757 839 2832 σοφιστοῦ·
862 2746 926 2813 Sed
938 2747 1118 2811 Herodomm
1132 2767 1189 2811 ve·

150 2874 223 2917 rum
238 2852 298 2918 effe
313 2853 371 2919 viri
391 2875 509 2917 nomen
527 2852 635 2940 arguit
653 2875 719 2917 non
741 2851 844 2916 solum
866 2870 1019 2913 numerus
1040 2848 1189 2914 locorum

150 2952 235 3042 hanc
257 2954 445 3041 scripturam
467 2954 701 3034 exhibentium,
720 2953 837 3040 quibus
858 2949 984 3015 accedit
999 2949 1189 3036 Antigonus

153 3055 325 3141 Carystius,
338 3077 392 3141 49.
408 3055 461 3119 sed
474 3069 507 3119 et
520 3069 749 3142 argumentum
767 3053 928 3132 Herculis,
942 3052 983 3116 de
998 3074 1063 3138 quo
1077 3038 1189 3116 Hero-

153 3156 250 3232 dorus
272 3157 467 3220 Heracleote
489 3156 587 3221 libros
609 3157 834 3241 conscripserat
858 3153 992 3218 subinde
1015 3154 1189 3220 Veteribus

149 3257 266 3323 citatos
282 3280 341 3322 nec
358 3258 578 3344 praetermilsos
595 3259 701 3323 Jonsro
724 3255 878 3343 Scriptor.
895 3257 976 3321 Hist.
992 3255 1074 3321 Phil.
1091 3256 1136 3320 II.
1155 3277 1187 3334 3,

149 3346 296 3521 {iquifi
319 3358 493 3451 Aristotelis
514 3359 583 3424 haec
600 3372 633 3424 et
656 3358 817 3423 Plutarchi
837 3357 1014 3422 testimonia
1035 3355 1076 3420 ad
1099 3355 1189 3422 hunc

186 3457 356 3523 erodorum
371 3460 529 3546 pertinere
543 3458 817 3539 animadvertisset,
826 3481 900 3523 eum
917 3457 1086 3522 Aristotele
1100 3457 1188 3522 anti·
1207 3461 1211 3466 ’

149 3558 295 3646 quiorem
317 3561 473 3647 posuisset.
519 3549 711 3626 Consulatur
731 3559 830 3625 etiam
846 3549 1071 3624 eruditiffimus
1085 3559 1185 3623 Anti·

147 3660 228 3748 goni
244 3661 376 3749 Carystii
388 3663 493 3727 editor
506 3664 538 3727 J.
555 3662 782 3727 Beckmannus
798 3684 831 3748 p.
848 3662 900 3739 81,
917 3660 1003 3747 sequ.
1030 3661 1186 3748 AEgypti·

148 3785 241 3828 orum
257 3762 298 3829 de
312 3764 504 3830 Vulturibus
519 3763 660 3829 fabulam
676 3765 800 3828 secutus
816 3764 859 3827 est
873 3762 1052 3850 Horapollo
1066 3764 1186 3829 Hiero-

147 3864 263 3954 glyph.
280 3869 307 3931 I.
325 3887 376 3933 11.
405 3866 552 3935 AElianus
567 3868 613 3930 N.
627 3865 770 3931 Animal.
786 3865 832 3929 Il.
843 3868 898 3947 46.

150 3957 154 3964 ⁸
193 3968 268 4032 286.
285 3969 325 4034 C.
339 3967 406 4054 list]
425 3968 544 4035 Plinius
561 3969 606 4031 H.
621 3968 666 4031 N.
683 3967 857 4046 xxm,
873 3979 906 4031 et
919 3985 970 4034 33.
984 3965 1028 4030 ibi
1045 3965 1189 4032 Hardui·

128 4099 134 4115 ι
150 4058 222 4133 nus.
245 4069 353 4134 Livius
368 4072 411 4135 X.
426 4088 481 4156 47.
504 4069 656 4156 Epitome
670 4070 731 4133 XI.
746 4068 799 4134 alii
813 4068 1025 4134 Freinssremio
1041 4068 1130 4133 citati
1145 4069 1188 4134 ad

150 4169 589 4259 Supplement.XI.13,14.
638 4196 640 4201 ·

193 4272 267 4339 286.
283 4274 327 4338 D.
344 4272 408 4359 412]
427 4273 574 4362 'Onpuu
595 4272 740 4360 legumen,
763 4273 856 4362 cujus
876 4273 1003 4361 generis
1024 4274 1098 4340 sunt
1114 4274 1187 4361 spe-
