2714 4770
329 366 386 429 na
406 360 569 431 unum.
589 361 825 432 uncianum
846 393 875 453 p.
892 372 959 454 ιιι.
973 373 1010 433 a.
1149 391 1182 453 15

149 526 205 593 les.
223 548 257 616 p.
280 547 354 611 114·
376 527 453 595 edit.
475 528 596 597 Emest.
616 531 656 597 Τ.
679 532 743 599 ΙΙΙ.
761 553 796 619 p.
815 531 868 619 89.
906 530 1132 620 Schweigh.l.
1153 553 1185 599 c.
1245 625 1246 629 Ἰ
1301 598 1304 603 .

149 630 206 697 ubi
220 629 284 696 alia
295 630 393 697 etiam
408 629 450 697 de
463 631 530 698 viro
544 631 708 699 annotavit
720 633 874 700 Valesius.

195 734 270 819 258.
290 734 329 799 E.
357 735 489 817 Ῥωμαῖοι
515 736 562 800 καὶ
586 735 702 822 Γναῖος]
730 735 753 802 i.
776 758 807 802 e.
835 737 974 819 Romani,
996 738 1069 804 duce
1094 737 1186 804 Grraeo

150 834 287 916 Manlio,
298 848 336 904 ut
346 835 433 903 rede
443 837 537 903 vertit
551 836 727 928 Xylander.
751 838 805 904 Sic
823 839 990 906 Pausanias
1005 841 1067 906 IX.
1081 859 1137 923 40.
1151 860 1186 928 p.

152 953 227 1025 794.
244 941 375 1023 Ῥωμαῖοι
391 940 440 1005 καὶ
451 939 581 1016 Σύλλας.
625 942 712 1006 Nam
726 940 876 1030 princeps
891 942 1085 1031 reliquorum
1102 943 1187 1030 quafi

151 1038 193 1102 ab
206 1038 244 1104 iis
258 1038 397 1108 diversus
410 1040 606 1108 nominatur.
638 1043 805 1109 Petronius
820 1042 917 1109 Satir.
932 1042 978 1109 11.
991 1063 1027 1131 p.
1041 1062 1092 1130 13.
1108 1042 1187 1108 Pin-

150 1136 245 1204 darus
259 1165 422 1231 novemque
435 1142 550 1229 lyrici,
568 1162 670 1232 quum
683 1142 750 1229 ipsc
763 1165 848 1209 unus
862 1143 896 1209 in
911 1142 973 1208 illis
987 1154 1101 1210 novem
1116 1143 1188 1211 fue·
1310 1147 1313 1156 '

152 1239 207 1306 rit.
237 1244 429 1310 Monuimus
442 1244 598 1310 Biblioth.
619 1243 733 1312 Critic.
747 1245 824 1311 Vol.
841 1248 886 1311 ll.
904 1247 989 1312 Part.
1006 1246 1069 1311 111.
1083 1264 1117 1335 p.
1132 1247 1189 1332 58.

152 1342 242 1408 Hinc
263 1344 456 1411 vindicanda
476 1345 618 1413 Platonis
639 1346 739 1414 dioilo
756 1349 837 1436 leg.
858 1349 922 1413 ΙΙΙ.
945 1368 979 1435 p.
993 1361 1070 1435 592.
1089 1349 1125 1414 F.
1146 1351 1190 1412 διὰ

152 1444 271 1532 Δαρείου
285 1446 333 1510 καὶ
347 1455 401 1512 τῶν
414 1452 496 1528 ind,
509 1463 564 1537 per
582 1448 715 1514 Darium
728 1449 988 1539 etseptemsocr'o's,
1006 1448 1094 1538 quod
1114 1470 1189 1538 per·

152 1565 265 1633 peram
277 1547 458 1616 sollicitavit
464 1549 700 1616 Valckenarius
709 1549 751 1616 ad
762 1550 968 1616 Herodotum
979 1549 1044 1616 111.
1054 1549 1108 1615 86.
1124 1572 1189 1616 non

154 1646 209 1713 ille
230 1649 374 1736 quidem,
394 1672 458 1739 qua
476 1651 540 1718 fuit
561 1650 718 1733 dodrina,
732 1651 831 1740 hujus
851 1651 963 1718 formae
978 1651 1122 1741 ignarus,
1136 1650 1192 1717 sed

153 1749 239 1815 forte
253 1750 310 1816 illo
325 1766 471 1840 tempore
484 1752 667 1830 immemor.

199 1855 273 1938 258.
289 1857 327 1921 E.
342 1856 407 1942 πρὸς
424 1858 513 1936 ἡδονὴν
533 1859 582 1921 nal
604 1857 735 1946 ἂῃύςιοο
753 1857 859 1938 ἄμαθὴς
873 1856 922 1921 rral
936 1856 1085 1942 ἇαρατῆς]
1111 1855 1191 1920 For·

155 1954 232 2020 tail'e
253 1977 351 2044 quem
372 1957 514 2023 offendat
534 1959 653 2040 ἀμαθὴς,
666 1958 817 2023 indm.-
839 1958 912 2044 quis
925 1957 1013 2021 enim
1028 1957 1062 2021 in
1076 1955 1192 2036 milite,

156 2053 274 2142 inquit,
289 2056 467 2125 doetrinar'n
482 2057 642 2145 requirat?
666 2059 720 2122 Est
732 2057 804 2123 haec
818 2057 1001 2146 ignorantia
1014 2056 1104 2138 retii,
1118 2079 1192 2122 eru·

156 2155 273 2235 ditioni
286 2157 456 2239 contraria,
470 2171 505 2225 et
517 2159 602 2247 quali
618 2157 753 2239 ruditas,
768 2159 914 2247 profe&
925 2180 991 2224 non
1005 2172 1073 2224 tam
1085 2160 1126 2225 ab
1140 2159 1193 2247 ig·

156 2259 323 2327 noratione
338 2257 503 2326 literarum
516 2283 555 2326 ac
567 2259 733 2342 doctrinae,
746 2280 841 2349 quam
853 2261 1054 2350 negligentia
1063 2282 1195 2327 monam
1292 2291 1295 2296 ·

156 2375 191 2428 et
205 2361 340 2444 honesti,
354 2361 468 2429 vitium
484 2384 560 2430 cum
575 2362 696 2452 ingenii
712 2375 785 2428 turn
798 2362 943 2450 inprimis
961 2362 1072 2444 animi,
1086 2370 1125 2429 ut
1141 2384 1193 2430 re·

156 2465 218 2530 bus
242 2465 292 2530 vel
317 2465 411 2540 bonis
435 2465 485 2531 vel
511 2464 644 2531 advertis
666 2465 775 2531 minue
795 2464 932 2532 scienter
953 2479 1095 2532 utamur.
1129 2465 1194 2532 ·Sic

157 2565 347 2632 Plutarchus
361 2567 412 2632 De
427 2567 512 2655 Virt.
532 2566 652 2633 Morali
669 2588 703 2656 p.
719 2585 795 2650 442.
815 2566 856 2633 C.
878 2565 959 2631 dixit
979 2568 1072 2650 ἀμαθῆ
1092 2569 1193 2646 trieris,

155 2691 251 2756 quam
266 2670 353 2736 redte
367 2669 533 2759 Xylander
546 2670 640 2736 vertit
656 2671 791 2759 ιὀψοίοαοι
808 2669 1009 2760 uoluptatem:
1030 2669 1194 2748 rinolen-
1284 2670 1286 2675 ’

157 2772 294 2835 uir-ocri
310 2771 487 2857 λογιζομίιου
502 2773 549 2835 sal
564 2772 718 2858 φρονοῦντος
731 2773 881 2837 εἱσααοῦιιι
902 2772 949 2835 sal
971 2769 1117 2855 τρὸαοσθαο
1130 2773 1196 2860 πρὸς

159 2875 242 2936 ἐκεῖνο
261 2874 310 2936 καὶ
328 2872 445 2937 malurn
459 2874 506 2936 ael
522 2873 823 2958 κατασχηματίζεσθαι
844 2872 974 2951 cicuras,
995 2869 1029 2935 dr
1046 2876 1086 2955 μὴ
1103 2872 1198 2938 τέλσον

159 2969 176 3060 ᾖ
194 2973 380 3063 διεφθαςμίοοι
397 2975 440 3056 ὑφ’
459 2976 548 3052 ἡδονῆς
561 2975 682 3057 Moris
703 2975 751 3038 nal
765 2973 928 3039 ἀκολάστου
948 2971 1062 3052 διαίτης.
1098 2974 1143 3039 Et
1161 2990 1196 3063 p.

158 3078 234 3159 446.
247 3075 296 3142 C:
320 3074 381 3141 οὔτι
395 3080 454 3166 γὰρ
469 3080 482 3140 l
495 3078 577 3161 σοφὸς
591 3079 740 3165 ἐγιφαιὴς,
754 3080 834 3142 ἀλλὰ
846 3076 971 3164 σώφροσι·
988 3072 1050 3140 circ
1063 3080 1076 3140 l
1090 3077 1198 3160 ἀμαθὴς

158 3182 292 3266 ἀκρατὴς,
310 3183 391 3244 ἄλλα
411 3179 580 3255 ἀκόλαστος·
605 3201 645 3245 ex
664 3178 854 3267 philosopha
875 3177 1069 3246 subtilitate:
1092 3181 1198 3264 ἀμαθὴς

159 3280 295 3370 irfipienr
310 3282 365 3362 est,
380 3280 523 3369 quisquis
539 3303 604 3347 non
621 3281 762 3368 perfedte
780 3281 974 3370 sapientiam·
984 3295 1094 3349 tenete
1117 3286 1197 3368 &aas

140 3378 144 3387 ’
160 3385 203 3464 θὴς
217 3383 348 3472 quidem
362 3383 501 3472 vulgaris
512 3383 547 3448 in
559 3382 723 3470 voluptate
738 3385 781 3450 est
794 3386 930 3473 iugatis.
971 3385 1125 3452 Similiter
1134 3387 1198 3462 τοὺς

160 3486 337 3562 ἀπαιδεύτους
351 3487 399 3551 καὶ
413 3486 525 3570 ἀμαθεῖς
537 3485 630 3567 dicit,
643 3486 698 3574 qui
711 3485 849 3552 secunda
858 3486 989 3552 fortuna
1000 3488 1197 3575 superbiunt,

162 3590 255 3676 Reip.
272 3591 425 3676 Praecept.
442 3607 476 3677 p.
492 3589 568 3674 782.
580 3588 620 3654 E.
665 3591 743 3654 Huc
756 3588 896 3677 pertinet
910 3589 1057 3656 Demetr.
1072 3611 1105 3676 p.
1121 3610 1198 3679 909.

162 3698 201 3762 E.
223 3695 335 3777 δύναμις
351 3694 468 3777 ἀμαθής·
492 3706 526 3760 et
542 3693 705 3781 Euripidis
718 3693 835 3781 fragm.
854 3692 1024 3760 Temenid.
1045 3694 1106 3758 XI.
1121 3694 1199 3787 ῥώμῃ

160 3796 281 3880 ἀμαθής.
324 3794 414 3863 Plato
428 3797 510 3884 Iaeg.
525 3796 573 3861 II.
589 3794 694 3876 initio,
710 3793 841 3882 puerilis
855 3793 1061 3860 institutionis
1078 3793 1198 3880 princi·

162 3899 253 3988 pium
276 3896 369 3984 ponit
391 3899 435 3961 od
453 3897 622 3987 voluptates
641 3921 676 3962 ac
694 3897 806 3962 dolores
823 3898 905 3963 bene
919 3896 1105 3963 instrudum
1120 3898 1198 3964 elles

162 4000 255 4090 cujus
269 3998 431 4065 facultatis
444 3997 586 4065 absentia
599 3998 798 4064 certillimam
817 3997 907 4064 cerni
919 3997 1059 4080 ἇμαθίαιι
1082 4016 1199 4087 quam-

162 4104 211 4169 vis
221 4117 375 4170 caeterum
387 4101 494 4168 omnis
504 4101 670 4168 literarum
684 4119 718 4167 et
730 4102 848 4167 artium
861 4099 1005 4188 cognitio
1019 4100 1109 4167 adlit.
1137 4104 1198 4168 Er-

162 4227 208 4292 go
232 4205 295 4272 hoc
318 4205 405 4286 loco,
430 4217 469 4270 ut
488 4202 522 4270 in
548 4203 667 4270 talibus
688 4201 981 4292 conjunctionibus,
1003 4223 1200 4290 quamquam

163 4317 337 4394 utrumque
350 4304 544 4395 adjectivum
557 4305 599 4372 ad
612 4320 787 4393 utrumque
800 4303 1027 4370 substantivum
1039 4303 1203 4391 pertinen
