2714 4770
207 314 271 391 aro
340 312 391 377 ιθ.
412 315 460 377 W.
482 313 682 375 nNutnov.
702 313 748 373 IN
767 308 1005 373 ruurrncnt
1022 309 1116 372 Lus.

209 475 288 540 siare
301 488 415 543 rneu'm
427 497 492 540 non
507 475 563 555 est,
579 489 614 539 at
628 472 816 539 sententiam
838 478 947 538 tamen
963 470 1171 559 conjectura
1188 466 1267 535 ὦ·

206 577 263 664 qui
279 576 400 643 lIcebit.
445 575 578 642 Clarum
594 576 679 641 enim
695 576 738 640 est
752 574 793 640 de
809 574 932 640 Colote-
940 574 1111 660 Epicureo
1125 571 1186 637 hic
1204 572 1267 637 ses·-

113 752 118 761 ,
207 702 339 762 monem
362 680 434 759 esse,
460 678 516 767 qui
541 702 616 745 cum
639 679 806 766 plerosque
828 676 1040 765 Philosophoe
1063 691 1145 742 turn
1164 673 1265 740 etiam

161 848 166 861 ,
208 781 373 847 Platonem
388 794 429 846 -et
447 781 676 847 Democritum
692 779 875 868 exagitavit,
898 778 987 866 quod
1010 793 1136 844 notum
1160 777 1209 842 est
1225 796 1265 841 ex

208 884 372 950 Plutarchi
386 884 469 951 libro
483 900 597 952 contra
615 886 703 950 hunc
717 884 821 971 ipsum
839 883 993 962 Coloten,
1010 894 1049 947 et
1066 881 1194 961 altero,
1208 878 1262 967 qui

205 985 388 1053 inscribitur
405 987 624 1074 Nonsuoviter
635 987 711 1074 peste
724 985 958 1074 vivificandum
972 983 1163 1073 Epicurum.
1195 982 1261 1048 De·

203 1087 280 1155 inde
294 1111 334 1154 ex
348 1087 518 1154 Macrobio
533 1090 646 1154 Sumo.
662 1088 807 1175 Scipion.
823 1090 862 1152 L.
875 1087 903 1151 1.
917 1109 949 1151 c.
965 1105 998 1153 a.
1012 1099 1050 1151 et
1062 1085 1175 1150 altero
1188 1084 1260 1149 loco

85 1192 88 1200 ’
206 1191 320 1271 Procli,
334 1213 430 1277 quem
447 1191 579 1257 exhibet
594 1193 709 1257 Morus
731 1214 764 1277 p.
777 1191 853 1277 387.
867 1190 1003 1269 constat,
1021 1188 1173 1255 Coloten
1200 1187 1260 1272 (le-

203 1292 347 1381 gendum
371 1292 457 1360 enim
483 1294 616 1358 Κολῶτου
638 1316 699 1381 pro
724 1292 855 1377 xum)
883 1290 1024 1359 Platonis
1045 1291 1199 1357 fabulam
1218 1289 1258 1357 de

206 1395 293 1460 Here
315 1395 471 1461 Armenio
490 1394 697 1460 deridendam
715 1393 772 1459 fibi
790 1393 934 1461 sumsisse.
976 1394 1054 1461 Vox
1068 1393 1257 1478 alippius

203 1511 312 1562 autern
333 1496 375 1563 de
396 1496 798 1583 Democrito'accipienda
813 1497 872 1576 est,
887 1495 955 1584 qui,
971 1518 1049 1562 cum
1064 1497 1109 1561 ab
1123 1519 1169 1562 eo
1182 1496 1257 1584 Epi·

203 1620 312 1678 curus,
325 1599 484 1687 quidquid
504 1599 537 1664 in
559 1600 690 1688 Physca
708 1598 819 1679 valuit,
838 1597 1001 1679 desumit,
1014 1599 1254 1684 Epicureorum

130 1735 134 1749 ·
204 1701 352 1789 magister
366 1715 499 1769 vocatus
512 1704 575 1780 est3
597 1716 631 1767 et
645 1700 837 1768 Plutarchus
851 1714 965 1768 contra
978 1700 1094 1767 Colot.
1110 1722 1150 1788 p.
1161 1721 1254 1767 1110.

158 1860 161 1865 .
195 1805 244 1883 Ε.
267 1826 366 1871 omne
380 1803 517 1871 dubium
536 1804 623 1871 tollit
637 1826 713 1870 oum
736 1803 802 1869 ait:
823 1805 871 1870 τὸν
883 1803 1167 1893 &perminimi
1182 1829 1254 1871 m·

202 1907 386 1972 motam
406 1907 455 1973 rial
472 1913 522 1972 roi
541 1906 726 1995 ammonia
743 1906 946 1992 (dimissu)
963 1905 1143 1985 illenim.
1189 1907 1256 1973 tw

162 2044 167 2055 ι
204 2030 280 2095 que,
295 2032 336 2075 ue
350 2009 490 2098 reliquas
504 2009 638 2076 mendas
653 2025 792 2090 tentem,
807 2008 1185 2099 corrigam-ymaro·
1200 2010 1255 2076 ῧο

204 2112 375 2194 θαυμαστὸν,
390 2114 525 2192 xorem
540 2116 638 2177 ὶκιῖνοι
651 2111 806 2188 Hakoreos
820 2113 916 2198 hripis
929 2110 1009 2194 ina,
1027 2114 1079 2177 rial
1098 2122 1151 2179 τοῦ
1168 2116 1253 2179 'h-

204 2213 331 2299 empsim
348 2214 458 2281 senar
470 2217 520 2278 iel
534 2222 632 2281 introi
646 2214 995 2303 &mpsim-nim
1008 2214 1112 2306 itaque
1125 2216 1179 2304 fi,
1194 2219 1253 2284 (0¹0-

204 2314 280 2380 loten
290 2314 389 2395 illane,
403 2329 433 2380 et
447 2315 586 2382 Platonis
601 2328 631 2381 et
647 2318 824 2397 Democriti,
837 2317 922 2382 totitas
936 2318 1254 2409 Epicureormseflae

200 2417 311 2505 patris,
325 2417 429 2500 hostem
442 2418 700 2506 bonesententiara
713 2418 750 2481 de
767 2419 915 2484 redivivis
927 2418 1093 2485 convellere
1103 2420 1251 2510 voluiffi5

203 2519 305 2602 etſsoe
319 2519 548 2606 ignoraffl,five
560 2520 747 2608 ignorantem
760 2543 820 2584 non
832 2519 1003 2609 quaesror'ffe,
1020 2523 1163 2610 qmnodo
1176 2546 1250 2588 nor·

205 2633 273 2685 ttues
286 2621 339 2708 qui
345 2620 392 2707 stt
405 2622 577 2710 reoiv'fiere
588 2621 691 2711 poffit3
705 2647 769 2688 eum
782 2647 848 2687 eurr
862 2622 1027 2688 Democriti
1038 2625 1079 2688 de
1091 2626 1144 2689 hoc
1157 2651 1250 2714 arga·

144 2739 190 2816 91
205 2738 298 2788 mento
311 2724 383 2788 libri
389 2722 489 2810 focile
503 2725 536 2788 ira
548 2726 633 2789 viam
648 2726 786 2789 reducere
795 2726 1098 2813 potuiffent,-Talia
1111 2740 1173 2794 aut
1187 2753 1250 2795 non

204 2827 346 2893 multum
361 2826 480 2893 diversa
495 2827 620 2893 videtur
634 2827 743 2893 dixisse
759 2829 899 2894 Proclus.
932 2830 1020 2894 Nam
1034 2851 1166 2911 omnes,
1181 2832 1250 2918 opi·

204 2953 274 3010 nor,
290 2930 453 3017 Epicurei,
468 2944 569 2996 totam
585 2930 626 2996 de
642 2929 787 2996 redivivis
801 2931 962 2997 historiam
979 2930 1019 2996 ad
1033 2933 1139 2999 aniles
1154 2935 1249 3001 sabu-

202 3032 250 3097 las
266 3032 457 3113 referebant,
469 3048 502 3097 et
519 3032 631 3098 Celsus
645 3033 760 3097 diserte
774 3031 818 3097 ita
833 3032 1052 3119 pronuntiavit
1067 3036 1158 3122 apud
1175 3038 1249 3104 Ori·

201 3154 279 3219 gen.
294 3135 334 3197 L.
351 3134 396 3197 II.
413 3157 445 3221 p.
459 3154 537 3220 429.
582 3137 652 3222 Ego
669 3157 743 3199 vero
761 3134 814 3199 etfi
834 3157 900 3200 non
915 3134 1122 3202 vehementer
1136 3137 1251 3204 laboro

202 3258 325 3299 venene
345 3259 385 3300 an
401 3235 483 3301 fieae
497 3236 557 3300 fint
571 3235 622 3300 hae
637 3235 896 3316 narratiunculae,
910 3236 1124 3323 quarendum
1140 3255 1248 3307 tamen

202 3336 339 3417 videtur,
364 3338 449 3403 hanc
474 3338 515 3403 de
536 3337 716 3426 Thespesio,
739 3339 797 3404 srve
822 3338 966 3406 fabulam
988 3340 1048 3405 sive
1071 3342 1248 3429 historiam,

202 3454 311 3506 utrum
332 3441 398 3528 ipse
421 3441 546 3506 finxerit
569 3441 771 3523 Plutarchus,
786 3466 827 3508 an
843 3464 902 3530 pro
922 3466 995 3509 vera
1008 3458 1183 3531 acceptam
1198 3472 1248 3515 re-

114 3540 121 3555 '
202 3541 323 3608 tulerit.
367 3546 415 3609 At
436 3543 463 3608 is
486 3543 617 3630 quidem
645 3567 702 3630 per
728 3559 834 3609 totum
857 3545 945 3610 hunc
967 3545 1077 3611 locum
1107 3549 1250 3617 Platonis

201 3644 343 3711 fabulam
366 3646 408 3711 de
430 3648 519 3711 Here
540 3647 697 3711 Armenio
719 3647 875 3728 imitatur,
890 3669 988 3734 quem
1005 3648 1037 3713 in
1059 3653 1248 3738 pugnasse

200 3747 406 3814 interstitium
425 3748 484 3813 five
497 3749 628 3814 vulnere
648 3749 841 3829 exanimem,
857 3749 967 3815 divino
980 3749 1123 3832 confilio,
1137 3755 1248 3821 animo

200 3848 242 3913 ad
264 3849 384 3916 inferos
406 3866 534 3938 raptum
560 3852 649 3918 fuisse
673 3852 799 3940 prodit3
825 3867 864 3917 ut
885 3854 1093 3941 premiorum
1116 3872 1152 3922 et
1175 3880 1246 3944 poe-

201 3953 429 4033 narumteslis,
444 3954 593 4021 homines
612 3955 654 4021 ad
669 3957 822 4020 virtutem
842 3957 1079 4025 adhortaretur.
1125 3962 1246 4029 Admi-

199 4049 283 4115 scuit
296 4051 412 4117 deinde
427 4054 596 4142 complura
610 4080 685 4122 curn
701 4080 740 4121 ex
755 4057 897 4145 ejusdem
915 4059 1056 4127 Platonis
1071 4060 1192 4129 fabulis
1206 4064 1248 4130 de

199 4151 310 4217 inferis
337 4153 369 4219 in
398 4156 523 4243 Gorgia
546 4173 579 4222 et
607 4159 781 4240 Phaedone,
805 4174 875 4225 tum
899 4183 940 4226 ex
962 4161 1247 4251 Pythagoreorum

199 4252 346 4345 doetrina
359 4269 393 4322 et
409 4259 577 4325 Poetarum
593 4261 769 4349 figmentis.
815 4264 916 4351 Ergo,
936 4265 956 4329 fi
977 4287 1049 4333 vere
1070 4266 1143 4333 haec
1167 4268 1259 4341 vidit,
