2714 4770
211 337 277 411 24⁸.
349 336 390 394 u.
410 334 458 394 w.
479 334 678 396 Auruncu
698 332 744 394 ns
763 331 998 394 enormem
1018 332 1098 393 ms.

209 494 324 561 mom.
351 516 385 583 p.
409 479 484 581 849.
509 496 557 560 s:
587 494 897 585 ..liquaminum
925 493 1015 559 ..sm
1037 491 1262 582 penum...

185 635 189 645 ·
210 600 371 686 Frequens
382 598 479 665 etiam
494 599 538 664 est
548 598 730 686 simpliciter
741 597 878 664 mandi
892 596 1133 686 fignificotione.
1164 588 1265 660 Hinc

208 700 367 784 μετάληψις
380 700 555 784 Rhetorica¹
567 701 680 788 sigum.
1045 704 1049 712 ‘

251 820 329 888 374.
347 803 388 868 C.
411 805 457 868 τὸν
479 803 685 878 Πλάτωνος-
692 802 853 885 μῦθοι-ἐι
873 801 1042 888 Συμποσίῳ]
1064 820 1098 888 p.
1114 794 1197 886 328.
1214 799 1262 864 A.

210 905 321 972 multis
342 905 418 971 hinc
440 905 600 972 celebrata
621 905 745 972 fabula:
765 905 916 970 Maximo
934 905 1033 992 Tyrio
1054 902 1136 970 Diis.
1155 905 1206 969 X.
1225 923 1262 986 4.

137 1048 143 1057 ·
210 1007 345 1096 Origeni
365 1008 450 1074 Adv.
473 1006 558 1073 Cels.
583 1009 643 1073 IV.
666 1030 699 1096 p.
718 1027 795 1095 532.
816 1008 881 1095 seq.
917 1006 1044 1072 Plotino
1065 1005 1207 1071 subinde
1224 1026 1260 1092 p.

211 1128 286 1198 293.
299 1113 342 1176 A.
367 1111 492 1198 295.C.
512 1114 586 1196 296.
601 1113 637 1176 F.
661 1112 734 1198 298.
749 1113 787 1176 B.
810 1127 887 1197 317.
900 1110 937 1174 Β.
966 1108 1260 1197 PorphyrioAntr.

211 1212 362 1301 Nymph.
380 1216 410 1297 ᾗ.
426 1216 477 1278 16.
513 1212 686 1278 Themistio
702 1214 760 1279 Or.
780 1213 876 1277 XIII.
892 1234 926 1300 p.
942 1214 1015 1280 162.
1030 1213 1069 1276 B.
1112 1210 1170 1276 Ad
1193 1209 1260 1277 hoc

210 1315 396 1401 exemplum
418 1315 632 1381 conformavit
646 1315 788 1380 fabulam
804 1315 846 1380 de
860 1314 1023 1379 connubio
1037 1313 1128 1377 [IIvoo
1142 1325 1178 1377 et
1191 1314 1259 1377 ‹Inl-

88 1433 90 1444 ‘
211 1442 280 1493 οιοις
294 1417 360 1498 illc,
374 1417 431 1505 qui
445 1417 564 1483 dicitur
578 1420 717 1485 Hermes
734 1416 966 1506 Trismegistus‚
983 1415 1069 1504 apud
1084 1415 1257 1482 Stobaeum

212 1520 329 1608 Eclog.
346 1519 439 1609 Phys.
456 1543 489 1608 p.
503 1522 577 1585 118.

254 1640 330 1710 374.
345 1626 384 1689 E.
407 1623 549 1710 Χρηστέοι
566 1624 594 1688 δὲ
607 1627 665 1699 τοῖς
677 1624 769 1707 μύθοις
783 1627 838 1710 οὐχ
850 1624 887 1699 οὖς
901 1622 1052 1709 λέγοιμ]
1069 1621 1162 1707 Λόγος
1177 1642 1259 1686 cen·

212 1727 298 1792 sotur
321 1751 395 1792 vera
417 1727 575 1792 narratio:
603 1729 697 1812 μῦθος,
709 1726 804 1823 fia?-
849 1725 955 1813 Igitur
977 1726 1011 1791 in
1034 1726 1111 1812 μύθῳ
1138 1724 1260 1791 dIcitur

212 1826 298 1914 λόγος
315 1849 425 1893 verum
447 1829 535 1916 quod
557 1828 591 1894 in
610 1828 727 1894 fabulae
746 1829 911 1894 involucro
932 1828 1025 1908 latet,
1045 1827 1260 1914 propolitum‚

213 1949 264 1994 res
293 1928 466 2018 fignificatu
491 1931 550 1996 live
578 1928 620 1996 ad
646 1930 907 2019 cognoscendum
932 1929 991 1994 five
1015 1928 1056 1994 nd
1078 1928 1259 2016 agendum.

212 2031 302 2119 Ergo
324 2039 389 2099 non
412 2045 502 2100 totus
527 2034 609 2116 μῦθος
634 2033 819 2100 continetur
842 2033 932 2119 λόγῳ·
956 2031 1010 2098 sed
1036 2031 1147 2096 multoe
1173 2032 1262 2116 μόθου

213 2149 321 2223 partes
339 2137 566 2203 tantummodo
588 2138 733 2225 speciant
752 2137 794 2204 ad
813 2135 1002 2202 narrationis
1021 2149 1141 2200 nerum
1154 2150 1191 2201 et
1205 2157 1261 2202 or·

214 2250 340 2304 natum.
384 2239 438 2303 De
461 2239 641 2305 differentia
666 2239 755 2324 λόγου
779 2251 813 2303 et
840 2239 923 2320 μόθου
952 2237 1090 2303 diximm
1117 2235 1160 2301 ad
1190 2238 1262 2302 Ser.

212 2339 367 2405 Numinis
386 2339 529 2407 wadia,
543 2362 576 2428 p.
590 2342 643 2426 83.
658 2343 734 2426 5⁶1·
750 2342 789 2406 B.
826 2344 869 2406 Et
883 2340 953 2406 haec
968 2362 1056 2406 nunc
1070 2338 1262 2404 monuimus

215 2440 331 2507 Reissrii
352 2443 467 2507 cauffo.

251 2549 336 2629 374.
348 2545 387 2609 Ε.
410 2529 649 2628 ἓνῖωιφιλοσοφοοι
663 2544 755 2631 δόξας]
782 2544 819 2611 Id
835 2546 890 2626 cst,
907 2545 1074 2611 Stoicorum.
1108 2541 1260 2608 Hienlm

214 2645 369 2711 materiam
383 2646 423 2711 lic
438 2645 667 2713 informabant.
693 2647 859 2736 Diogenes
875 2650 982 2713 Laert.
996 2649 1075 2712 VII.
1088 2665 1167 2732 134:
1186 2649 1265 2710 δοκεῖ

214 2747 242 2810 ii
259 2751 352 2824 αὐτοῖς
371 2752 465 2837 ἀρχὰς
484 2749 623 2814 εἶναιτῶν
644 2748 714 2813 ὅλοιν
735 2749 791 2829 δύο,
810 2750 841 2814 ri
862 2756 952 2813 ποιοῦν
967 2750 1015 2813 καὶ
1029 2751 1061 2813 τὸ
1074 2748 1202 2832 πάσχον
1227 2750 1261 2813 ri

212 2849 264 2933 pir
284 2849 329 2917 mlv
342 2851 456 2938 πάσχοι
472 2851 600 2929 εἶναιτὴν
614 2850 719 2932 ἄποιον,
733 2855 781 2931 τῆι
795 2851 872 2930 ὕλην·
896 2854 927 2917 ri
942 2853 969 2915 δὲ
981 2859 1071 2915 ποιοῦν
1084 2850 1130 2914 τοι
1147 2856 1173 2915 ιι
1187 2852 1262 2939 αὐτῇ

215 2951 311 3040 λόγον,
327 2953 394 3019 θοόν.
421 2955 569 3020 Stobaeus
584 2954 698 3041 Eclog.
717 2954 810 3042 Phys.
826 2977 858 3041 p.
868 2975 923 3041 3ο.
953 2955 999 3018 At
1015 2950 1142 3018 Platoni
1153 2965 1265 3018 mate·

215 3055 273 3136 riu,
304 3070 337 3122 et
365 3056 420 3144 ipfi
446 3056 577 3144 quidem
602 3059 646 3122 est
673 3055 807 3145 ἄμορφος,
830 3057 934 3137 ἄποιος,
959 3057 1084 3133 Avelim,
1111 3078 1177 3120 non
1211 3071 1265 3123 to·

216 3180 292 3223 men
314 3158 438 3246 ἄψυχος·
461 3172 499 3224 ut
520 3160 601 3246 saepe
624 3159 656 3224 in
678 3161 802 3225 Timaeo
823 3158 1016 3248 pronunciat
1030 3183 1058 3223 v.
1074 3182 1104 3224 o.
1119 3175 1200 3247 534.
1218 3159 1265 3223 G.

215 3276 293 3345 535.
307 3258 351 3324 A.
368 3259 507 3348 indeque
528 3260 724 3349 probabilem
741 3262 818 3326 mali
833 3262 991 3350 originem
1010 3261 1130 3339 attulit,
1145 3273 1184 3324 ut
1200 3260 1268 3326 do-

216 3376 269 3428 cet
292 3361 482 3429 Plutarchus
503 3365 556 3429 De
577 3364 690 3429 Animi
713 3364 873 3429 Procreat.
900 3386 936 3453 p.
959 3384 1052 3450 1015.
1071 3364 1115 3429 A.
1139 3364 1207 3450 seq.
1232 3377 1270 3430 et

215 3466 309 3553 supra
329 3466 381 3531 De
409 3466 481 3532 lfid.
508 3482 541 3532 et
560 3467 615 3533 Os.
635 3489 670 3554 p.
683 3469 760 3554 369.
779 3470 821 3532 A.
843 3466 900 3531 ubi
918 3467 1087 3532 videantur
1106 3479 1270 3534 annotata

216 3569 332 3634 nostra.

259 3691 336 3762 374.
358 3677 397 3739 E.
421 3674 512 3739 ἔλαιον
533 3673 599 3752 ὅλοι
620 3674 720 3761 μύρου]
754 3674 896 3739 Pertinet
918 3674 959 3739 od
981 3671 1128 3739 eamdem
1155 3672 1272 3739 fimiti.

217 3777 366 3842 tudinem
382 3776 522 3843 Platonis
536 3778 620 3842 Tim.
635 3799 669 3863 p.
680 3791 757 3863 535.
773 3778 817 3842 A.
833 3777 951 3843 rectius
966 3774 1246 3863 interpretandam
1260 3805 1270 3844 ι

217 3904 316 3971 quam
338 3881 449 3947 retulit
468 3902 597 3968 quoque
619 3880 779 3945 Alcinous
799 3880 948 3946 Doctrin.
974 3879 1054 3947 Plat.
1078 3879 1162 3963 Cap.
1183 3879 1272 3947 XII.

243 4030 251 4046 .
262 4003 281 4071 3
284 4006 337 4069 50.

217 4004 240 4072 P
259 4102 337 4172 374.
354 4088 394 4150 Ε.
417 4084 582 4169 ἂκμογεῑοι]
605 4083 798 4171 Plerumque
818 4082 948 4169 quidem
970 4083 1013 4148 est
1023 4085 1150 4169 fignum
1174 4085 1273 4170 quod

217 4209 257 4258 cx
278 4188 382 4253 forma
400 4187 595 4275 imprimitur
613 4187 708 4252 alicui
727 4187 882 4266 materiae,
903 4199 942 4251 ut
964 4185 1146 4251 notavimus
1169 4187 1274 4275 supin

218 4312 251 4382 p.
265 4309 341 4382 373.
361 4292 403 4359 A.
426 4305 461 4358 at
480 4290 533 4358 hic
552 4291 596 4356 est
614 4290 680 4382 ipsa
699 4291 826 4356 materia
839 4290 871 4356 in
888 4311 985 4381 quam
1001 4289 1124 4380 signum
1146 4288 1271 4382 impri-
