2714 4770
124 357 131 385 ⁸
223 371 258 428 ²4
361 352 401 411 D.
422 352 470 410 W.
491 350 689 412 ANIMADll:
710 351 755 410 IN
775 347 1009 410 suurnltcffl
1029 349 1108 410 LIB.
1167 348 1169 353 ’

220 509 368 579 mutandi
389 509 613 597 cupiditatem,
629 531 726 598 quarn
740 507 931 575 emendandi
944 508 1134 574 facultatem
1146 503 1258 593 prodi·

220 614 281 679 dit.
325 613 490 680 Diodorus
503 614 567 680 Sic.
584 615 643 680 IV.
657 633 714 700 39.
731 626 851 693 narrat,
867 611 1026 676 Herculem
1035 609 1101 699 pff
1112 609 1223 675 luas
1236 632 1258 674 α

218 715 337 783 Junons
351 716 514 805 hujusmodi
519 714 663 803 fimuloto
675 726 768 803 partu
781 725 984 803 regeneratus·
998 713 1171 802 adoptatum
1192 712 1259 798 effe,

220 816 284 905 Iup
303 816 391 906 μέχρι
407 825 455 883 τοῦ
477 826 521 884 νῦν
537 822 621 884 ποιεῖν
642 820 704 894 τοὺς
717 817 877 906 βαρβάρους
891 815 956 881 ὅταν
971 817 1043 880 θετὸν
1057 817 1111 881 oliv
1123 816 1259 880 ποιεῖσθαι
1282 873 1287 889 ,

219 920 386 998 βούλωνται·
411 921 468 986 ubi
489 920 718 1008 Weffelingius
740 935 773 985 et
791 919 853 984 alis
871 919 997 984 erudite
1011 916 1145 983 et·hune
1165 917 1259 983 Plut-

221 1020 312 1085 archi
333 1022 443 1088 locum
467 1022 589 1088 attidit.
632 1024 685 1088 De
706 1022 845 1088 rectiore
866 1020 970 1086 forma
993 1018 1200 1106 καταδαρθόντα
1223 1039 1259 1104 p.

222 1137 275 1210 75.
291 1126 336 1190 D.
379 1125 422 1191 Et
437 1127 564 1190 καθιᾶσιν
584 1126 693 1206 αὐτοὺς,
708 1124 867 1190 demittunt
874 1123 913 1211 se
926 1122 1011 1212 ipsos,
1027 1121 1113 1188 rede
1126 1121 1261 1210 corrigit

264 1350 298 1415 p.
315 1329 390 1415 265.
410 1329 450 1394 B.
469 1327 522 1416 ά]
547 1331 600 1395 De
621 1329 818 1423 osculatione
841 1332 1058 1396 Romanarum
1085 1324 1260 1391 mulierum

220 1428 354 1518 ejusque
377 1429 535 1519 origines
548 1431 727 1498 Troadibus
747 1431 933 1519 repetenda,
951 1430 1090 1495 diximus
1104 1426 1203 1492 modo
1217 1424 1261 1491 sd

220 1531 343 1598 Virtut.
363 1532 450 1597 Mul.
474 1554 509 1619 p.
526 1552 602 1619 243.
616 1536 655 1598 E.
692 1535 745 1599 De
764 1532 953 1599 earumdem
966 1532 1041 1620 lege
1055 1530 1087 1595 in
1101 1527 1261 1599 abstinen-

206 1632 357 1714 navim,
373 1633 526 1720 Polybius
538 1636 599 1701 VI.
616 1655 648 1715 a,
661 1655 696 1722 3.
729 1634 903 1725 Dionyfius
918 1634 996 1700 Hal.
1012 1636 1058 1699 II.
1074 1649 1126 1719 25.
1159 1631 1260 1698 Vale-

220 1734 287 1800 rius
308 1737 400 1802 Max.
420 1738 481 1804 Vl.
499 1757 534 1822 3,
555 1759 587 1824 9.
630 1737 751 1803 Plinius
770 1740 818 1803 H.
833 1739 879 1802 N.
895 1738 988 1803 XIV.
1007 1757 1058 1819 14.
1075 1735 1200 1802 Gellius
1214 1736 1261 1800 X.

222 1857 275 1924 23.
305 1839 414 1904 Exstat
430 1840 476 1904 D.
497 1841 533 1904 F.
556 1837 630 1906 Jani
650 1839 835 1927 Disputatio
857 1839 893 1902 dr
918 1838 993 1904 Vmi
1012 1841 1066 1925 usu
1086 1838 1264 1902 mulieribus

221 1941 364 2007 Romanis
389 1940 547 2007 interdicis
571 1941 606 2007 In
631 1941 847 2008 Miscellaneis
867 1941 954 2029 IIps.
977 1942 1016 2007 Τ.
1040 1942 1104 2006 III.
1126 1963 1161 2028 p.
1185 1961 1262 2008 200.

221 2040 424 2111 Aristotelem
443 2043 485 2109 de
505 2043 656 2110 incendio
678 2043 778 2110 clnssis
799 2043 996 2131 Argivorum
1009 2042 1042 2108 in
1061 2029 1187 2109 Italiam
1201 2043 1262 2108 ad·

222 2160 374 2211 venarum
396 2148 437 2211 ab
458 2168 571 2210 eorum
597 2146 733 2231 captivis
757 2146 941 2213 Troadibus
964 2160 1159 2232 perpetrato,
1181 2145 1264 2210 citat

220 2247 394 2335 Dionyfius
416 2247 493 2313 Hal.
513 2248 558 2312 A.
580 2251 619 2313 R.
639 2250 666 2312 I.
683 2265 736 2332 71.
780 2249 833 2313 De
855 2248 920 2313 hoc
940 2246 1139 2316 matrimonii
1162 2269 1262 2334 argu·

221 2363 334 2417 mento
348 2351 458 2416 locum
478 2351 617 2417 multans
637 2350 725 2416 hune
743 2352 782 2417 B.
806 2349 979 2417 Briffonius
999 2351 1051 2416 De
1069 2352 1148 2418 Jure
1165 2350 1259 2416 *Con-

222 2452 395 2518 nubiorum
417 2475 451 2539 p.
473 2454 550 2538 381.
579 2453 667 2541 quod
689 2453 896 2541 interpretem
919 2451 1125 2542 reprehendit
1145 2456 1264 2530 ἀνεψιὰν

221 2567 400 2626 vertentem
415 2556 538 2644 neptim,
553 2557 597 2621 est
611 2556 665 2639 llic
678 2556 837 2644 interpres
850 2557 999 2623 vetustior
1010 2559 1121 2622 Petrus
1131 2557 1261 2621 Lucen-

221 2655 277 2722 fisr
301 2679 375 2723 narn
392 2657 559 2744 Xylander
572 2658 658 2724 recte
671 2657 811 2724 reddidit
825 2658 1037 2746 consobrinam,
1051 2670 1089 2724 ut
1101 2658 1217 2744 probat
1229 2669 1265 2722 et

221 2757 317 2846 plura
327 2758 368 2824 de
378 2759 442 2825 hoc
454 2773 648 2848 argumento
659 2759 757 2827 docet
769 2763 802 2828 J.
816 2761 939 2848 Liplius
950 2761 992 2826 sd
1006 2761 1060 2826 illa
1071 2758 1176 2832 Taciti
1188 2760 1263 2824 An-

222 2861 288 2928 nal.
306 2862 385 2927 XII.
399 2863 439 2928 6:
464 2865 509 2928 Ae
522 2864 600 2928 errins
616 2887 697 2930 novo
711 2864 794 2930 nobit
808 2863 989 2952 infrotrum
998 2854 1093 2953 filias
1106 2863 1263 2952 conjugia:

211 2964 275 3052 ssd
287 2963 358 3031 olis’s
368 2964 673 3053 gentibusstrlensns'o,
691 2991 744 3032 nee
764 2966 830 3055 legs
846 2966 915 3032 ulla
932 2966 1103 3055 prohibitas
1127 2965 1262 3054 etsobri·

215 3091 332 3138 ‚narum
346 3069 400 3132 diu
413 3067 566 3156 ignorata,
581 3081 706 3156 tenpore
720 3070 824 3134 addito
843 3069 994 3159 percrebro
1018 3095 1043 3133 e.
1087 3069 1215 3157 Quibus
1229 3068 1263 3133 in

222 3168 328 3234 verbis
341 3167 536 3254 sobrinarum
558 3166 645 3235 idem
669 3169 772 3235 valere
796 3169 884 3256 quod
911 3170 1148 3257 consobrinarum
1172 3170 1261 3236 idern

223 3268 316 3335 nobis
336 3269 459 3357 Lipfius
476 3271 655 3358 persuadet.
693 3272 806 3339 Rarius
817 3274 861 3338 est
875 3295 993 3338 nomen
1008 3273 1102 3348 τιτθὶς.
1132 3346 1135 3350 ³
1149 3273 1262 3339 Pollux

111 3443 115 3451 ‚
224 3372 288 3438 III.
309 3390 362 3440 Μ.
382 3380 397 3451 ἡ
418 3375 446 3436 tl
463 3374 564 3460 μητρὸς
583 3376 698 3458 diupi,
719 3372 790 3454 Isia,
804 3373 821 3454 i
837 3376 1038 3462 μητραδελφός,
1060 3374 1075 3453 ἢ
1097 3375 1191 3450 ruetis·
1214 3375 1263 3440 ita

222 3473 411 3561 legendum,
424 3487 462 3540 ut
475 3475 586 3542 citavit
599 3478 647 3541 H.
662 3477 846 3564 Stephanus
859 3478 954 3544 Thes.
969 3481 1009 3543 L.
1025 3479 1085 3544 Gr.
1096 3478 1136 3543 T.
1151 3478 1213 3544 111.
1227 3475 1262 3565 p.

226 3578 321 3662 1467.
336 3579 375 3642 E.
397 3598 457 3663 pro
469 3599 552 3644 novo
565 3577 657 3658 mlle:
696 3581 739 3646 Et
755 3580 825 3646 hoec
842 3591 1015 3658 malatera,
1030 3581 1117 3646 soror
1137 3580 1262 3647 matris.

224 3679 395 3745 Hierocles
421 3701 478 3766 ap.
502 3681 595 3745 Stob.
626 3680 710 3746 Flor.
738 3683 814 3764 481.
842 3681 958 3748 diserte
984 3682 1145 3769 explanat,
1167 3684 1262 3772 primo

220 3782 325 3870 gradu
347 3781 442 3850 nobis
463 3780 536 3863 effe,
555 3795 706 3870 parentes,
716 3783 851 3870 fratres,
870 3808 1001 3865 ααοτιπ,
1011 3785 1121 3873 filios.-
1131 3787 1263 3874 secundo

224 3898 402 3970 ponuntur,
428 3887 503 3964 Isioi,
528 3883 653 3965 τιτθίδες,
679 3885 785 3950 πάπποι
811 3886 843 3949 ri
869 3887 916 3950 ital
941 3886 1045 3968 sirius,
1068 3889 1115 3951 sal
1139 3891 1263 3972 ἀδελφῶν

113 3986 115 3990 ’
224 3987 328 4060 παῖδες·
350 3986 496 4051 ovunnsli
511 3996 539 4050 et
552 3996 732 4067 materterae,
745 3985 801 4052 aui
814 3987 1095 4076 ct.oviae,frotrum
1105 3991 1263 4076 sororum·

225 4110 281 4174 que
289 4086 382 4173 filiis
405 4087 476 4155 hrec
498 4109 574 4154 mox
593 4103 627 4175 p.
641 4089 719 4171 482.
738 4089 943 4178 digeruntur,
963 4100 1016 4156 τῶν
1037 4101 1182 4178 συγγενῶν
1201 4096 1264 4170 τοὺς

224 4188 276 4271 μὶν
296 4186 498 4278 προσβατὲρους
522 4191 570 4255 καὶ
592 4190 793 4280 πρεσβυτέρας,
815 4193 851 4268 ὦς
872 4193 999 4270 πάππους
1024 4193 1120 4278 (addo
1140 4193 1262 4279 τίτθας),
