2714 4770
203 355 275 414 ’180
357 355 397 412 D.
418 355 466 425 W.
489 355 687 445 ANIMADV.
708 354 752 413 IN
774 352 1009 413 PLUTARCHI
1029 352 1109 412 1111.

116 496 119 504 ¹
214 525 305 579 totum
320 516 463 579 mundum
474 516 629 605 pervadit.-
646 514 709 580 hoc
722 515 809 580 euim
825 514 977 603 congruit
991 496 1117 578 numini
1126 511 1158 577 ei
1169 509 1258 599 quod

211 620 374 706 prasentia
388 618 541 706 etfitturn
562 634 596 684 et
612 617 769 706 praeterita
783 618 947 683 continet:
971 632 1006 682 et
1020 614 1145 681 nomini
1158 613 1258 693 Isidis,

216 721 309 809 cujus
330 722 428 811 talem
442 722 504 787 esse
519 721 581 785 vim
602 721 698 786 docet
712 720 913 786 iablonskiua
929 719 1044 786 Pantb.
1061 720 1138 806 AEg.
1160 720 1196 783 P.
1213 718 1258 782 II.

63 783 70 791 ι
105 842 107 847 ’
217 845 250 911 p.
267 828 406 910 23—26.
451 824 551 891 Quod
565 830 613 887 τοῦ
628 824 697 903 θεοῦ,
712 846 776 889 non
791 828 839 900 τῆς
852 826 909 888 θεοῦ
922 822 1053 911 legitur,
1067 821 1122 886 nist
1138 820 1203 884 hoc
1218 819 1259 885 ab

216 927 347 992 auttore
365 927 518 1013 scriptum
539 928 654 1007 firerat,
667 939 776 991 tamen
794 942 828 991 et
847 924 928 990 illud
943 925 984 990 ad
1003 927 1089 989 dean
1103 922 1260 989 referri-se

216 1029 351 1117 patitur.
390 1030 442 1094 Est
457 1031 553 1095 etiam
570 1028 610 1093 de
625 1028 686 1094 hac
701 1028 904 1116 inscriptione
919 1027 1093 1115 disputatio
1108 1029 1147 1094 R.
1165 1024 1259 1092 Cud·

218 1133 336 1199 worthi
359 1133 494 1218 System.
514 1131 672 1197 Intellest.
687 1133 767 1219 Cap.
784 1132 844 1197 IV.
859 1133 891 1214 ξ.
907 1133 957 1196 18.
972 1129 1065 1218 cujus
1078 1128 1258 1195 doctrinam

217 1234 423 1323 etjudicium
437 1233 585 1319 equidem
601 1233 774 1299 Moshemii
792 1232 979 1298 ratiunculis
998 1245 1173 1318 antepono.
1218 1232 1261 1295 Et

217 1335 352 1401 omnino
372 1335 404 1400 in
427 1335 485 1402 usu
503 1335 592 1400 fuisse
611 1336 777 1424 AEgyptiis
796 1357 870 1400 cum
895 1336 1006 1414 sacras,
1021 1348 1092 1399 tum
1107 1333 1198 1412 alias,
1210 1332 1260 1397 iu·

210 1436 417 1526 scriptiones,
438 1437 549 1503 multis
571 1436 727 1524 exemplis
748 1438 869 1502 constat
887 1436 975 1524 apud
991 1435 1196 1500 Herodotum
1214 1435 1259 1498 II.

203 1559 294 1634 =107,
312 1557 385 1629 137,
404 1561 476 1623 141.
520 1541 701 1606 Diodomm
729 1540 794 1606 Sic.
819 1541 846 1604 I.
864 1559 926 1625 17.Ι
941 1542 1034 1628 plane
1053 1539 1131 1605 huic
1146 1538 1261 1603 similes

218 1640 252 1706 in
269 1642 382 1708 Isdem
399 1658 432 1716 et
446 1643 624 1708 Ofiridem:
647 1642 720 1723 alia,
734 1657 790 1728 55.

261 1762 339 1831 354.
360 1747 400 1825 C,
421 1748 465 1810 D.
487 1749 534 1810 rit
554 1748 658 1829 Ἀμοῦν
667 1745 767 1825 -’τὴν
790 1746 901 1832 φωνήν]
929 1744 1117 1811 Herodotus
1138 1745 1185 1809 ll.
1206 1761 1261 1825 42.

218 1847 422 1915 Jamblichus
447 1850 499 1914 De
525 1848 658 1937 Myster.
678 1850 817 1935 AEgypt.
839 1849 936 1913 VIII.
957 1869 991 1934 3.
1015 1862 1047 1936 p}
1067 1868 1147 1935 159:
1172 1850 1262 1933 ὁγὰρ

219 1950 381 2036 δημιουργὸς
396 1957 467 2030 νοῦς,
481 1951 529 2014 καὶ
546 1955 594 2028 τῆς
616 1950 743 2029 ἀληθείας
757 1949 914 2038 προστάτης
929 1950 976 2012 καί
992 1948 1102 2033 σοφίας,
1118 1947 1264 2035 ἔρχίμονος

220 2054 273 2136 μὲν
296 2055 340 2117 tut
361 2053 470 2138 γένεσιν
494 2056 542 2118 καί
562 2059 610 2133 τὴν
634 2058 723 2135 ἀφανῆ
743 2061 798 2117 τῶν
821 2053 1013 2139 κινρυμμὲναν
1035 2053 1128 2138 λίγαν
1152 2052 1264 2134 δύναμιν

222 2159 260 2230 ιίς
279 2163 334 2237 φῶς
352 2154 443 2239 ἄγαν,
463 2158 559 2239 ’spat
579 2159 655 2221 aurel
673 2160 720 2227 rin
738 2162 793 2219 τῶν
806 2157 969 2240 Αἰγυπτίων
981 2162 1121 2242 γλῶσσαν
1134 2155 1263 2240 λίγπαι·

223 2257 281 2322 ubi
310 2257 432 2324 Galeus
460 2259 548 2324 hunc
577 2257 740 2324 Plutarchi
767 2256 875 2322 locum
905 2257 1020 2325 adfert.
1062 2257 1265 2326 Jablonssrius

70 2416 74 2424 ,
206 2362 338 2426 ⁴Pauth.
361 2363 441 2454 AEg.
461 2363 496 2426 P.
513 2364 539 2428 l.
561 2385 594 2449 p.
614 2364 686 2445 178.
703 2361 746 2427 de
759 2362 789 2427 vi
804 2375 837 2427 et
850 2362 975 2450 origiue
991 2347 1131 2429 nominis
1145 2360 1263 2449 proba-

220 2464 335 2530 biliora
361 2463 469 2544 docet,
497 2487 595 2552 quam
624 2465 752 2553 Squirio
780 2465 898 2530 citatus
931 2466 1111 2532 Bochartus
1138 2461 1262 2555 Geogr.

221 2568 309 2634 Sacr.
327 2590 359 2655 p.
370 2587 447 2653 431.
460 2591 499 2634 ex
514 2567 676 2633 Hebraico
689 2559 831 2633 dictione
844 2536 979 2640 ’1111911
993 2569 1128 2650 ducens,
1138 2583 1174 2635 et
1187 2592 1262 2635 cum

222 2671 339 2736 Graeco
353 2673 425 2733 δεῖνα
440 2670 696 2736 communicans.
1108 2693 1110 2698 ⁴

263 2788 339 2859 354.
350 2774 394 2837 D.
408 2778 449 2859 τῷ
462 2775 544 2837 παντὶ
559 2776 604 2838 τὸν
619 2775 701 2838 arisit
711 2776 877 2860 νομίζουσιν]
896 2774 1021 2839 Praestat
1033 2788 1187 2839 annotata
1197 2796 1266 2839 cor-

221 2876 321 2942 rectio
334 2875 363 2940 ‘lv
377 2880 416 2962 τῷ
435 2880 517 2942 παντί
533 2904 563 2941 τ.
578 2905 609 2942 α.
624 2903 650 2942 ν.
672 2879 862 2946 correctioni
875 2876 1050 2945 Jablonskii
1064 2877 1086 2941 l.
1101 2899 1132 2942 c.
1147 2899 1180 2965 p.
1195 2879 1265 2943 180.

221 3006 251 3046 r.
264 3007 298 3044 rr.
312 3005 341 3043 r.
357 3007 388 3043 α.
404 2979 565 3062 νομίζοντες.
611 2980 775 3047 Caetemm
791 2980 947 3047 sententia
961 2980 1097 3046 refertur
1115 2979 1157 3046 ad
1178 2980 1265 3045 illam

223 3082 369 3147 Hecataei
396 3082 705 3169 interpretationem,
732 3108 850 3150 nomen
878 3088 981 3167 Ἀμοῦν
1007 3083 1180 3148 formulam
1206 3084 1268 3149 etse

220 3185 406 3271 generalem
420 3210 450 3250 ν.
464 3209 494 3252 0.
511 3187 590 3265 heus,
602 3186 643 3251 ad
658 3212 753 3254 omnes
768 3189 916 3255 homines
931 3188 1041 3275 resque
1056 3187 1265 3274 appellandos

141 3369 145 3377 s
220 3286 513 3352 accommodatam.
550 3289 600 3353 lta
611 3301 645 3354 et
658 3290 868 3379 Pythagoras,
879 3288 1003 3376 Orphei
1015 3287 1177 3374 exemplo,
1189 3288 1268 3355 deos

223 3384 420 3473 imaginibus
442 3389 559 3475 posuit,
582 3391 658 3456 telle
679 3394 864 3460 Iamblicho
886 3392 956 3459 Vtt.
979 3391 1118 3479 Pythag.
1135 3392 1168 3474 5.
1185 3408 1265 3476 151:

221 3489 253 3553 cti
267 3491 330 3564 ταῖς
350 3489 496 3577 ἡμετέραις
510 3493 737 3579 σννεξευγμίνους
751 3500 880 3583 μορφαῖς,
896 3499 976 3559 ἀλλὰ
994 3497 1051 3569 τοῖς
1070 3491 1198 3579 ίδρόμασο
1213 3493 1270 3564 τοῖς
1309 3529 1322 3549 ·

222 3591 311 3673 θείοις,
332 3594 426 3658 πάντα
448 3595 627 3682 περοέχοντας
650 3599 699 3661 καὶ
720 3600 829 3663 πάντων
845 3592 1033 3686 apotactitas,
1055 3597 1103 3662 nal
1124 3601 1166 3682 τῷ
1185 3594 1270 3658 παντὶ

221 3699 271 3777 τὴν
286 3697 426 3781 φύσινκαὶ
442 3702 490 3777 τὴν
504 3705 607 3787 μορφὴν
621 3703 717 3784 ὁμοίαν
731 3702 860 3789 ἔχοντας.

267 3816 345 3887 354.
363 3802 408 3867 D.
432 3799 649 3882 Ιτο”1νἙλλῆνοον
670 3810 695 3867 ol
716 3805 1067 3888 σοφῶτατοο-Ὀνοοίφεοος
1084 3801 1272 3866 Ἡλιουπολί-

100 3937 104 3953 ·
224 3904 298 3987 τον]
324 3904 512 3969 Graecorum
530 3904 768 3991 sapientisfimos
789 3906 822 3970 in
837 3907 1023 3993 AEgyptum
1038 3902 1276 3992 cognoscendae

192 4016 198 4023 “
225 4003 427 4069 sacerdotum
447 4005 601 4071 doctrinae
617 4008 790 4092 profectos,
808 4008 941 4074 subinde
956 4006 1126 4072 nominant
1140 4003 1278 4092 scripto·

226 4127 297 4175 res:
320 4131 349 4171 v.
366 4129 395 4174 c.
416 4109 532 4174 Strabo
547 4111 659 4175 XVII.
675 4133 708 4198 p.
723 4128 815 4197 1159.
832 4113 878 4176 D.
917 4109 1080 4177 Diodorus
1094 4109 1159 4175 Sic.
1176 4110 1205 4173 1.
1219 4110 1278 4196 96,

225 4209 279 4295 98.
302 4210 358 4275 ubi
377 4211 456 4275 allos
474 4214 576 4279 etiam
598 4213 678 4279 citat
702 4214 944 4303 Wesselingius.
988 4218 1036 4279 Ex
1057 4213 1164 4279 nostro
1184 4210 1277 4294 loco,

115 4412 118 4414 Ὗ
226 4314 276 4383 tel
289 4337 329 4380 ex
343 4316 514 4381 communi
530 4317 632 4398 fonte,
654 4317 757 4386 hausit
778 4318 930 4385 Clemens
949 4317 1125 4385 Alexandr.
1149 4318 1277 4384 Strom.
