2714 4770
238 375 296 438 1111
314 373 434 437 ALEX.
453 373 498 436 lu
518 371 721 434 roarUNa
742 372 808 434 ort
823 374 863 435 11.
884 394 913 454 p.
927 393 995 452 ³4²·
1009 377 1111 439 A-E.
1158 393 1213 457 133

175 534 340 624 Euripidis
363 535 463 600 Herc.
487 534 561 598 Fur.
582 551 639 602 22:
660 534 720 598 Kal
743 535 806 610 τοὺς
830 535 881 618 pir
902 533 1005 611 ἄλλους
1032 536 1215 625 ἕξεμδχδςσεν

173 637 280 714 «ὅνους.
300 651 333 705 et
350 657 443 723 1050.
464 638 503 701 Ὁ
516 639 612 702 πολλοὶ
627 637 656 715 δὴ
670 639 743 712 τλὰς
756 638 900 723 Ἡρακλῆς
914 637 992 723 λέγει
1007 637 1085 703 τάδε.

218 764 251 829 p.
265 761 341 828 342.
358 742 401 806 A.
416 738 593 814 Καλυδώνιος
606 739 685 826 οἶνος]
704 740 886 820 Χαλυβώνιος
902 741 979 820 οἶνος,
993 741 1110 830 Syriae:
1125 742 1214 808 Stra-

174 844 220 911 bo
234 845 309 909 XV.
326 865 358 930 p.
375 844 467 907 1068.
482 844 522 907 B.
561 842 724 907 Persarum
747 842 877 930 regibus
898 844 1077 931 expetitum
1090 845 1213 925 vinum,

174 953 199 1012 ol
214 949 341 1027 βασιλεῖς
356 946 437 1032 πυρὸν
451 946 502 1028 μὲν
517 948 547 1023 ἐξ
560 944 672 1009 Ἀσσου
691 950 739 1022 τῆς
757 944 884 1022 Αἰολίδος
903 947 1051 1034 μετῄεσαν,
1066 947 1132 1011 οἶνον
1147 950 1168 1010 δ
1182 950 1215 1011 la
1239 965 1242 970 '

174 1048 278 1137 Συρίας
292 1050 338 1112 riv
352 1047 545 1128 Χαλυβώνιον.
577 1047 760 1112 Posidonius
775 1047 863 1134 apud
876 1048 1002 1114 Athen.
1016 1050 1043 1114 Ῑ.
1056 1072 1090 1137 p.
1102 1049 1155 1115 28.
1167 1050 1212 1115 D.

175 1153 356 1242 Hesyphius
371 1151 403 1216 in
423 1152 514 1216 Voce
534 1149 726 1231 Χαλυβώνιος·
752 1149 869 1217 Suidas
890 1151 1076 1226 Χαλυδῶνιος·
1100 1164 1137 1216 ut
1150 1151 1215 1216 hoc

173 1255 248 1322 loco
271 1257 314 1321 G.
334 1253 505 1320 Brillonius
524 1253 576 1317 De
599 1253 679 1318 Pers.
702 1255 806 1342 Regn.
822 1254 850 1317 Ι.
867 1254 918 1335 84.
938 1253 1008 1342 jam
1030 1255 1212 1335 Χαλυβώνιος

174 1379 214 1423 ex
232 1357 296 1422 hoo
319 1354 480 1422 Plutarchi
495 1356 568 1421 loco
582 1354 755 1435 citaverat3
779 1355 835 1422 ubi
849 1356 943 1443 plura
956 1357 1078 1422 notavit
1092 1356 1212 1422 leder·

173 1457 270 1524 linus.

215 1578 292 1645 342.
308 1557 350 1624 A.
370 1559 529 1647 Ὑρκανικοὶ
544 1557 650 1646 δχδῦες]
674 1560 752 1648 Non
767 1559 898 1647 ignotos
912 1559 1012 1647 vulgo
1026 1557 1128 1639 fuisse,
1146 1558 1211 1624 sus·

172 1658 299 1746 picetur
323 1661 397 1749 quis
418 1661 493 1726 inde
515 1660 602 1749 quod
627 1683 683 1726 eos
704 1659 824 1726 librarii
838 1682 1003 1748 perperam
1025 1659 1214 1725 invexerunt
1275 1738 1284 1750 ἱ

147 1773 150 1778 ’
173 1760 217 1826 ἰιι
227 1760 326 1828 alium
348 1762 509 1829 Plutarchi
524 1764 634 1829 locum
643 1763 734 1828 Adv.
750 1763 881 1850 Epicur.
896 1786 929 1850 p.
944 1782 1038 1828 1101.
1050 1764 1105 1827 A:
1129 1761 1213 1837 οὕτως

158 1863 273 1951 ᾔομεν
294 1864 359 1951 πρδς
379 1867 555 1941 αὖτοὺς-ὥς
576 1867 641 1952 argis
663 1866 725 1940 τοὺς
746 1867 896 1948 Ὑρκανοὺς
918 1867 996 1952 ἰχθῦς
1018 1858 1130 1951 ἔχομεν·
1155 1863 1212 1929 ubi

171 1965 250 2053 Xyl.
264 1969 355 2032 Mez.
370 1981 404 2032 et
416 1969 522 2053 Toup.
539 1965 580 2030 ad
595 1965 686 2030 Suid.
704 1965 783 2030 Cur.
796 1968 882 2031 Nov.
896 1988 929 2053 p.
942 1986 1014 2050 145.
1026 1959 1212 2054 reclejudiss

170 2083 249 2133 cant
273 2067 500 2155 corrigendum
526 2070 560 2142 ὥς
586 2066 659 2155 ιερδς
674 2069 736 2143 τοὺς
755 2070 904 2154 Ὑρκανοὺς
925 2067 941 2146 l
963 2067 1074 2144 Σκύθας
1098 2068 1211 2156 ἔχομεν.

170 2171 266 2234 Mare
279 2169 365 2235 idern
381 2184 415 2235 et
430 2170 632 2256 Caspiumet
647 2171 848 2258 Hyrcanium
863 2171 986 2237 ditium
1001 2171 1140 2236 constat:
1160 2171 1211 2236 in·
1340 2212 1344 2221 .

171 2271 277 2360 deque
291 2271 353 2338 sale
368 2273 518 2339 conditos
532 2274 632 2361 pisces
653 2273 818 2339 Ecbatana
832 2275 985 2362 asportari
1005 2287 1110 2339 narrat
1124 2272 1211 2338 AEli·
1291 2349 1293 2359 Ι

170 2396 251 2440 anus
270 2376 349 2441 Nat.
371 2374 513 2443 Animal.
538 2377 648 2442 XVll.
666 2396 720 2464 32.
759 2377 976 2465 comparetur
998 2376 1133 2443 Curtius
1148 2376 1210 2443 Vl.

218 2497 233 2542 1
262 2525 270 2543 .

171 2479 289 2669 4,3ιῗ21
303 2582 342 2647 Β.
363 2579 492 2668 πρίσβεις
510 2586 588 2668 παρὰ
608 2588 656 2645 τοῦ
679 2587 797 2668 Περσῶν
818 2580 1018 2664 daritim-J
1042 2583 1124 2646 Haec
1147 2578 1210 2645 mi.

171 2706 232 2749 nus
247 2684 408 2749 rhetorice
423 2697 592 2749 narrantur
605 2683 638 2748 in
652 2682 730 2749 Vita
743 2683 920 2748 Alexandri
932 2706 965 2769 p.
979 2686 1054 2748 666.
1069 2686 1109 2748 Ε.

213 2803 289 2872 342·
305 2785 343 2848 Β·
364 2786 424 2874 ῖῑςδ
442 2791 489 2862 ῐῆς
501 2791 609 2872 χρυσῆς
624 2785 826 2870 ἀναδενδράδος]
853 2785 904 2848 De
917 2786 980 2849 vite
994 2784 1138 2868 arbustivo
1151 2807 1209 2849 cu·
1283 2768 1290 2808 '⁸
1306 2752 1308 2757 ι
1335 2828 1340 2832 -

136 2907 139 2910 ’
169 2910 227 2951 reo.
258 2887 415 2963 Videatur
426 2886 600 2952 Brillonius
613 2890 717 2974 Regn.
730 2886 813 2950 Pers.
829 2887 857 2949 1.
874 2902 927 2971 77.
964 2885 1130 2951 Diodorus
1144 2885 1210 2953 Sic.

156 2989 266 3054 XIX.
279 2990 334 3071 48.
351 2988 472 3055 ibidem
487 2988 730 3077 Weffelingius.
807 2988 810 2993 ’
901 3007 904 3016 ⁴
1078 2997 1080 3001 ’
1118 2986 1122 2995 “

212 3110 288 3177 342.
303 3091 343 3155 Β.
358 3088 594 3174 διαπυνθανόμενος
606 3089 691 3176 πόση]
716 3089 770 3155 Sic
784 3103 818 3155 et
832 3077 938 3155 Harl..
950 3113 954 3119 '
967 3095 976 3146 Ϊ

211 3210 288 3278 342.
304 3194 343 3258 B.
358 3199 409 3258 κιῦ
424 3193 452 3255 δι’
465 3197 489 3256 οἱ
503 3189 754 3276 larsa—Tlliad.
768 3197 809 3256 K.
825 3208 902 3276 407.
936 3241 939 3247 .
985 3213 989 3224 ·
1027 3239 1061 3251 ..

212 3313 287 3382 342.
304 3295 344 3376 C,
360 3297 406 3360 D.
428 3291 570 3360 Φιλίππου
588 3294 924 3372 τελευτήσαντος-σέλα
939 3294 1073 3379 ἔχουσαν]
1099 3290 1209 3358 Histo-

169 3398 224 3462 riae
244 3411 350 3483 partes
370 3396 655 3462 animadvertimus
676 3397 734 3461 Or.
757 3396 784 3459 1.
807 3416 841 3482 p.
862 3411 938 3482 327.
960 3395 1005 3459 D.
1051 3393 1210 3458 Postrema

171 3501 264 3565 verba
278 3513 407 3586 poetam
423 3498 581 3564 redolent.

212 3621 287 3687 342.
304 3603 349 3666 D.
364 3603 533 3689 Φύλαρχος]
558 3601 611 3666 Sic
632 3615 666 3666 et
686 3599 778 3667 Harl.
817 3599 926 3687 Hujus
941 3599 1014 3664 loco
1029 3598 1061 3662 in
1079 3597 1141 3662 hoc
1157 3619 1208 3660 ar·

168 3715 329 3793 gumento
348 3704 455 3768 testem
478 3703 587 3768 citavit
612 3704 715 3767 Darin
739 3703 872 3766 Samium
898 3702 931 3766 in
954 3701 1032 3766 Vita
1055 3697 1150 3762 Alex.
1175 3718 1208 3783 p.

168 3807 244 3890 672.
259 3807 303 3870 A.
319 3805 376 3872 Or.
392 3807 419 3868 l.
434 3826 466 3891 p.
479 3822 555 3891 327.
569 3806 609 3869 Ε.
643 3806 696 3870 De
712 3805 891 3893 Phylarcho
906 3802 1032 3868 Voffius
1049 3799 1131 3862 Hist.
1148 3800 1208 3865 Gr.
1238 3840 1244 3846 ,

169 3911 197 3974 l.
218 3923 269 3993 17.
308 3907 472 3973 Fabricius
490 3909 529 3972 Β.
552 3908 596 3972 G.
616 3908 661 3972 11.
682 3929 717 3993 p.
734 3922 808 3991 225.
832 3907 886 3992 qui
911 3916 1023 3969 monet
1045 3925 1064 3966 a
1084 3901 1209 3968 Radero

168 4031 335 4098 perperam
351 4008 383 4073 in
400 4008 616 4095 Scriptoribus
630 4031 736 4074 rerum
754 4001 928 4071 Alexandri
944 4017 1160 4069 numeratum.
1323 4085 1325 4090 s

210 4131 286 4197 342.
308 4113 352 4176 D.
373 4110 532 4196 Περδίκκας
552 4112 623 4174 οὐδὲν
646 4109 744 4194 ἔλαβε]
771 4108 855 4173 ltem
878 4108 909 4171 in
932 4108 1011 4172 Vita
1033 4103 1209 4171 Alexandri

168 4235 202 4299 p.
218 4215 292 4296 672.
308 4212 348 4277 Β.

210 4333 286 4398 342.
304 4316 344 4379 E.
363 4313 472 4402 τείχεσι
490 4314 594 4380 τέλειον
607 4313 831 4402 ρυριάνδςαμ]
858 4307 1086 4400 significantur
1101 4309 1211 4376 insana

663 4435 721 4502 ι(3
