2714 4770
227 394 495 458 QUAESTIONES
516 395 719 454 ROMANAS.
741 416 769 475 p.
787 396 854 472 167.
868 395 1003 456 0-168.
1016 396 1122 456 Α-Ι).
1153 413 1189 475 17
1268 480 1269 488 7

156 551 342 638 gestabant:
366 552 406 618 de
426 576 492 641 quo
514 554 601 619 idem
621 555 860 620 Kirchmannua
875 556 903 619 1.
921 575 972 619 11.
995 556 1056 622 IV.
1071 557 1104 622 6.
1148 559 1192 622 Et

157 651 303 720 defuncti
324 654 513 722 dicebantur
535 657 593 720 Dii
606 680 719 737 manes,
735 670 769 722 et
789 670 956 743 tamquam
970 657 1025 722 Dii
1039 657 1192 723 coleban-
1242 716 1248 724 ,

158 769 223 821 tur.
269 754 352 821 iliud
374 756 525 844 denique,
548 757 612 824 itui
634 758 720 846 ὀστέῳ
738 767 843 846 πρῶτον
862 759 1012 846 ἐντύχωσι,
1032 761 1087 824 htv
1101 786 1192 847 γιγα-

118 937 123 945 4*
158 857 230 922 νέναι
251 861 297 923 τὸν
317 856 464 937 τεθνηκᾶτα
484 860 612 947 λέγουσι,
638 861 841 927 referendum
862 861 903 926 ad
924 861 1004 926 illud
1026 861 1193 929 Ciceronis
1311 871 1316 891 ⁹
1341 891 1345 899 ·

156 962 239 1049 Leg.
254 963 299 1026 ῙῙ.
313 981 373 1028 111
391 963 528 1051 Eumque
543 965 711 1049 morcmjus
728 963 903 1051 Pontfficale
917 963 1083 1052 confirmat.
1111 965 1194 1031 Nam

152 1063 324 1153 priusquam
347 1064 379 1127 in
394 1087 423 1129 os
437 1065 545 1156 irp‘eota
556 1066 651 1153 gleba
667 1065 716 1152 est,
733 1066 809 1131 locus
824 1066 905 1130 illud
915 1066 967 1131 obi
982 1079 1140 1132 crematam
1157 1069 1197 1155 est

157 1179 273 1253 corpus,
287 1164 334 1229 nil
345 1165 434 1230 babet
448 1166 613 1256 religionis.
656 1166 772 1257 Irp'ccia
782 1166 876 1256 gleba
890 1180 952 1233 tam
967 1166 997 1232 el
1008 1167 1073 1234 illic
1086 1170 1194 1244 bama·

158 1277 206 1333 tw
234 1265 287 1355 (cst
307 1280 336 1332 et
354 1267 460 1356 gleba)
484 1283 629 1334 vocatur:
655 1294 691 1335 ac
711 1283 774 1334 tam
795 1269 921 1358 denique
940 1270 1035 1334 multo
1057 1265 1195 1361 religiosa

147 1369 228 1455 jara
242 1369 453 1460 complectitur.
499 1372 560 1436 Ilia
573 1371 607 1436 in
620 1372 820 1458 parenthesin
835 1371 966 1453 inclusa,
982 1373 1119 1438 delenda
1130 1395 1194 1461 pu-

159 1484 277 1552 tamus,
293 1470 331 1560 est
344 1484 371 1537 et
382 1472 486 1561 gleba.
530 1475 641 1560 Atque
655 1475 756 1540 Varro
770 1473 816 1539 ita
833 1496 908 1553 cum
924 1473 1081 1540 Cicerone
1102 1497 1194 1541 com·

159 1586 308 1659 ponatur,
319 1587 357 1639 ut
371 1576 438 1660 post
450 1574 716 1656 combustionem,
726 1574 759 1640 in
771 1573 912 1662 offilegio
927 1574 1067 1660 primum
1081 1576 1193 1642 inven-

159 1689 231 1740 tum
246 1699 286 1741 oo
296 1677 392 1765 gleba
414 1682 590 1764 tegeretur,
605 1691 703 1765 atque
716 1677 762 1742 ita
777 1692 924 1743 mortuus
938 1689 972 1743 et
985 1679 1123 1743 humatus
1136 1701 1194 1754 vo·
1336 1672 1339 1677 ’

158 1790 297 1859 caretur,
311 1790 345 1844 et
358 1779 504 1868 religioso
514 1781 660 1845 Deorum
670 1781 820 1846 Manium
827 1780 904 1868 jure
915 1780 1086 1852 frueretur.
1108 1781 1195 1846 Istud
1235 1786 1238 1794 ’

158 1903 189 1945 os
210 1879 296 1967 apud
318 1881 511 1947 Ciceronem
534 1881 557 1946 l.
578 1903 608 1946 c.
631 1881 728 1967 paulo
749 1895 844 1946 antea
865 1882 1069 1968 fignificatur,
1092 1906 1195 1970 qam·
1320 1928 1321 1931 κ

160 1981 317 2045 admodum
331 2005 361 2045 os
377 1982 517 2069 rpjecium
536 1994 623 2047 terra
638 1981 794 2068 obtegatur
804 2005 916 2068 r-quo
933 1994 1062 2068 tempore
1075 1981 1199 2070 incipiat

109 2084 113 2090 '
149 2080 324 2169 sepulcrum
345 2083 401 2169 effi
421 2093 450 2145 ct
471 2081 612 2169 religione
632 2093 777 2147 teneatur.
821 2081 887 2147 Ubi
907 2080 1034 2147 Davifio
1051 2081 1198 2148 affentior

160 2183 283 2271 legenti
308 2185 558 2272 quemadmodum¹
577 2208 608 2249 or
636 2195 793 2272 receptam,
823 2195 904 2248 terra
932 2184 1100 2272 obtegatur.
1144 2187 1198 2252 Est

161 2285 249 2350 enim
265 2285 352 2350 idem
366 2285 453 2374 quod
465 2284 603 2378 Varroni
623 2286 677 2350 De
697 2285 795 2373 Ling.
810 2285 884 2348 Lat.
900 2286 959 2351 IV.
975 2306 1009 2372 p.
1028 2305 1078 2350 10.
1100 2310 1129 2351 os
1143 2311 1195 2351 ex·

160 2400 275 2475 ceptum
299 2387 465 2474 estmortui
486 2389 530 2453 ad
538 2387 699 2475 familiam
716 2388 933 2476 purgandam.-
959 2388 1047 2476 quod
1070 2388 1195 2454 Plutar-

160 2488 242 2554 chus
262 2509 302 2553 ex
322 2489 397 2570 alio,
412 2489 465 2555 sed
486 2489 655 2577 deperdito
668 2488 822 2556 Varronis
837 2487 923 2570 loco,
936 2488 1016 2555 dicit
1029 2489 1094 2554 ὅταν
1108 2491 1195 2578 lorip

160 2599 266 2678 πρῶτον
280 2591 473 2676 ἐντύχωσὴ

205 2694 279 2777 167.
295 2693 336 2757 C.
352 2691 410 2776 rufi]
431 2695 485 2759 De
506 2692 641 2758 numine
658 2691 802 2758 Termini
820 2691 931 2757 eadem
952 2714 1024 2786 quae
1038 2691 1102 2757 hoc
1122 2692 1196 2759 loco

161 2807 195 2858 et
216 2792 362 2858 uberiora
383 2793 480 2879 paulo
494 2793 639 2879 exposuit
662 2792 852 2858 Plutarchus
865 2793 899 2856 iu
912 2794 1024 2858 Numa
1036 2813 1069 2878 p.
1085 2810 1139 2878 70.
1155 2797 1196 2860 E.

163 2898 250 2983 sequ.
294 2895 431 2958 Laconis
446 2894 569 2958 diuum
584 2894 765 2959 notavimus
779 2894 872 2980 supra
884 2915 918 2979 p.
934 2913 1008 2961 210.
1021 2895 1061 2958 E.

208 2998 281 3082 267.
303 2996 349 3075 D,
366 2998 404 3060 E.
428 2995 475 3068 ις’.
491 2995 552 3082 ιζ]
579 2997 819 3083 Argumentum
834 2991 1042 3074 leucothea,
1057 2997 1197 3062 Matuta
1262 3004 1264 3009 '

164 3096 317 3163 Romanis
338 3096 446 3177 dicta,
467 3096 576 3184 attigit
599 3096 788 3162 Plutarchus
807 3095 841 3160 in
857 3095 998 3161 Camillo
1011 3117 1045 3183 p.
1062 3115 1136 3181 131.
1152 3097 1191 3162 B.
1211 3125 1214 3128 ⁴

162 3202 214 3266 De
237 3203 390 3266 Fraterno
414 3201 537 3264 Amore
556 3201 611 3265 fin.
633 3220 667 3285 p.
689 3218 765 3286 492.
787 3200 834 3264 D.
875 3198 1028 3287 Hyginus
1050 3200 1126 3264 Fab.
1150 3199 1196 3266 11.

162 3301 289 3367 Servius
303 3301 343 3366 ad
356 3301 473 3389 virgil.
489 3302 567 3367 AEn.
582 3303 626 3368 V.
637 3320 718 3382 141.

208 3405 281 3488 167.
298 3405 337 3467 Ε.
354 3403 415 3489 rufi]
437 3406 490 3468 De
502 3403 647 3469 Decimio
663 3402 798 3467 Herculi
812 3402 1002 3468 consecratis
1016 3403 1198 3491 complures

164 3504 312 3571 hodierni
338 3516 476 3592 egerunt
501 3504 558 3592 qui
584 3504 726 3569 citantur
749 3527 769 3568 a
792 3504 865 3568 viria
889 3504 1004 3584 doctis,
1027 3503 1061 3569 in
1085 3503 1197 3590 primia

165 3605 376 3692 Weffeliugio
397 3605 439 3670 ad
460 3604 644 3670 Diodorum
664 3605 729 3669 Sic.
746 3606 805 3670 IV.
821 3625 873 3671 21.
917 3607 955 3669 ln
978 3605 1080 3670 verbis
1094 3605 1198 3684 ιυέξίας

100 3742 102 3746 ⁴
164 3709 205 3771 ἐπ’
221 3706 303 3794 ἄκρον
317 3708 528 3792 εὐσωματούσης
539 3708 617 3772 inest
632 3707 816 3796 fignificatio
830 3707 1002 3795 aphorismi
1013 3707 1197 3793 Hippocra-

164 3808 209 3874 tei
224 3809 252 3874 l.
267 3830 309 3899 3:
334 3816 364 3873 ai
381 3813 420 3873 ὄπ’
439 3809 522 3897 ἄκρον
536 3809 635 3887 εὐεξίαι
657 3808 806 3895 opahrpai·
830 3809 903 3874 alibi
921 3809 1092 3874 Plutarcho
1106 3808 1198 3874 citati

164 3912 311 3999 Sympos.
328 3912 371 3975 V.
385 3928 416 3997 7.
432 3933 464 3998 p.
480 3912 556 3980 681.
567 3913 606 3975 Ε.
636 3910 767 3975 Advers.
782 3910 913 3996 Epicur.
930 3911 1076 3997 1090.B.
1102 3911 1199 3976 Gale·

165 4034 208 4077 no
233 4014 392 4100 Protrept.
414 4014 453 4078 T.
480 4015 525 4077 11.
551 4033 584 4098 p.
608 4030 659 4079 12.
678 4010 722 4075 A.
744 4012 804 4077 Vl.
821 4032 854 4097 p.
874 4013 906 4076 6.
925 4011 966 4076 C.
994 4029 1026 4096 7.
1046 4010 1091 4077 A.
1106 4014 1144 4078 Β.
1160 4016 1196 4079 F.

167 4135 218 4201 13.
230 4116 270 4179 B.
292 4115 468 4181 BafilioM.
481 4115 605 4181 Homil.
627 4117 680 4181 De
692 4114 822 4203 Jejunio
837 4136 871 4202 p.
888 4133 961 4198 291.
978 4116 1021 4180 A.
1051 4117 1103 4182 De
1113 4119 1196 4205 Leg.

165 4219 224 4282 Gr.
239 4238 273 4303 p.
287 4218 415 4303 5oa.B.
975 4258 978 4263 -

209 4321 282 4408 167.
299 4321 440 4389 F-268.
455 4317 651 4404 A-D...t.]
666 4320 719 4385 De
731 4318 894 4385 Menfibua
905 4320 1123 4386 Romanorum
1135 4341 1195 4407 ge·
1259 4380 1265 4394 .
