2714 4770
152 305 214 381 384
295 302 335 362 D.
355 302 405 362 W.
426 301 625 361 ANlMADV.
646 301 691 360 m
711 299 950 361 rauranum
970 299 1061 361 Lm.
1091 336 1096 343 -

153 463 345 528 Plutarchus
360 462 408 527 vel
422 462 486 527 hoe
500 460 610 555 libello
623 460 694 549 ejus
711 460 757 526 rei
776 460 940 541 meminit,
953 473 995 527 et
1009 458 1127 524 multa
1144 457 1214 523 col·

151 565 232 653 legit
252 567 284 631 J.
307 563 449 629 Davifiua
470 562 512 627 ad
535 562 641 628 Cicer.
664 563 710 627 N.
734 563 777 627 D.
801 565 841 627 L.
860 564 925 627 ΙΙΙ.
948 584 984 628 c.
1006 563 1064 626 16.
1113 559 1215 649 Quod

150 683 259 734 autem
282 667 422 747 additur,
442 666 616 731 Herculem
640 665 800 752 tripodem
819 665 991 730 Pheneum
1012 662 1214 751 deportaffe,

149 771 402 858 Apollinemque
426 781 616 854 conceptam
646 767 715 858 hac
736 768 854 855 injuria
879 767 961 833 iram
996 766 1034 831 in
1064 767 1213 831 insonter

151 873 329 938 Pheneatae
356 870 509 950 effudiffe,
535 870 651 957 eosque
680 868 888 935 inundatione
916 867 1118 956 perdidiffe,
1144 867 1213 957 ejuc

148 997 223 1040 vero
247 974 384 1040 bistoriae
404 973 488 1039 ratio
509 995 573 1037 non
595 995 686 1059 aeque
708 973 751 1037 est
770 971 932 1059 expedita.
982 970 1144 1039 Condita
1156 970 1212 1037 de·

150 1077 226 1142 inde
248 1077 281 1140 in
304 1077 376 1165 ejus
398 1076 505 1142 locum
529 1076 573 1140 est
591 1098 674 1140 nova
694 1075 853 1155 Pheneos,
875 1072 930 1140 cui
953 1072 1060 1161 ponit
1086 1073 1212 1141 Plutar-

150 1179 232 1244 chus
247 1178 334 1244 idern
349 1176 516 1264 contigiffe
530 1175 618 1263 quod
631 1176 785 1262 antiquie,
797 1188 835 1241 ut
848 1190 1102 1263 argumenttun
1116 1176 1213 1243 ducat

149 1280 191 1343 ab
204 1280 353 1345 absurdo.
388 1280 540 1345 Ceterum
556 1280 598 1344 ab
613 1301 653 1343 eo
667 1292 813 1366 tempore
825 1277 866 1342 ad
881 1278 1064 1345 Plutauchi
1081 1293 1213 1351 aetatem

149 1381 222 1468 plue
243 1402 341 1467 quam
364 1381 453 1446 mille
472 1381 548 1445 anni
567 1380 772 1461 effluxerunt,
786 1393 824 1445 ut
842 1379 932 1446 reue
946 1382 1114 1447 observat
1127 1382 1212 1450 Reis-

148 1483 239 1548 kius:
256 1483 309 1548 sed
324 1484 437 1564 noster,
451 1496 489 1548 ut
504 1484 552 1562 lit,
567 1505 626 1569 pro
640 1497 730 1548 certo
744 1504 879 1549 numero
895 1483 1016 1572 posuit
1030 1483 1211 1553 infinitum.

147 1588 254 1652 -Pro
267 1586 448 1666 ἀνασπάσας,
462 1585 574 1650 malim
589 1585 765 1668 ἀναρπάσας.
801 1652 804 1657 ,
830 1642 834 1647 .

190 1704 267 1774 557.
283 1688 323 1753 C.
345 1686 519 1772 Συβαρίταις
537 1689 564 1750 δὲ
579 1685 833 1776 pdew-l'Hp'as]
859 1687 1027 1756 Observat
1045 1690 1085 1756 h.
1102 1691 1130 1757 l.
1146 1692 1212 1759 Cel.

149 1788 302 1869 uerutus,
326 1789 461 1876 Sybarin
481 1811 500 1854 a
521 1789 718 1861 Crotoniatis
738 1790 787 1855 bie
806 1789 898 1856 fuiffe
912 1791 1071 1859 eversam
1089 1795 1151 1863 Ol.
1163 1797 1213 1863 ⁶8.

148 1894 192 1958 A.
209 1914 240 1958 1.
260 1892 437 1958 restitutam
459 1892 512 1958 01.
528 1894 582 1958 81.
602 1894 646 1958 A.
659 1913 694 1975 4.
715 1892 832 1958 iterum
851 1893 1003 1959 eversam
1022 1896 1085 1964 Ol.
1103 1899 1159 1985 83.
1173 1900 1213 1964 A.

150 2015 180 2059 1.
209 2018 315 2083 neque
340 1997 446 2082 postea
470 1996 666 2063 restitutam:
698 1991 791 2084 cujus
811 1995 858 2061 rei
885 1998 1012 2065 testem
1036 2001 1163 2070 laudat
1182 2005 1214 2071 Ρ.

147 2098 393 2186 Welselingium
415 2098 456 2163 ad
478 2098 614 2165 Diodor.
630 2098 697 2164 Sic.
711 2099 752 2165 T.
769 2100 797 2163 I.
813 2121 847 2187 p.
861 2101 944 2186 483.
961 2101 1068 2191 sequ.
1118 2107 1215 2187 cem

147 2223 219 2266 rum
239 2224 279 2266 ex
297 2201 336 2264 iis
354 2222 427 2286 quae
442 2201 623 2267 Athenaeus
638 2203 678 2266 L.
694 2203 774 2266 Xll.
790 2223 823 2289 p.
836 2217 914 2288 521.
930 2205 979 2285 E,
997 2208 1040 2272 F.
1065 2230 1114 2274 ex
1135 2211 1216 2299 phy.

22 2329 27 2340 ·
146 2303 257 2368 larcho
279 2316 312 2368 et
335 2303 508 2368 Heraclide
530 2303 670 2369 Pontico
684 2304 794 2386 refert,
809 2305 932 2372 constat
946 2308 973 2374 J
977 2332 1143 2379 unonem
1157 2316 1214 2403 Sy·

42 2424 47 2434 ·
145 2405 256 2470 baritis
275 2405 429 2470 infensam
453 2404 555 2483 fulde,
575 2429 772 2493 quamquam
793 2420 931 2495 uterque
950 2410 1132 2483 divertam
1150 2441 1214 2485 ure-

143 2520 250 2596 morat
278 2506 417 2571 causam.
462 2507 602 2573 Oracula
630 2509 671 2573 de
698 2532 812 2575 eorum
840 2510 981 2579 interitu
1011 2533 1142 2587 extant
1165 2545 1211 2610 ap.

143 2610 285 2675 eundem
309 2610 505 2675 Athenaeum
527 2611 550 2675 l.
573 2634 602 2676 c.
627 2634 659 2698 p.
673 2628 750 2698 520.
774 2616 817 2678 A.
838 2628 871 2678 et
893 2615 1086 2688 AEliannm
1110 2627 1156 2691 V.
1171 2628 1211 2691 H.

145 2715 208 2779 lll.
228 2713 393 2799 43.—Sed
418 2713 488 2777 haec
513 2715 734 2800 Sybaritarum
757 2739 807 2781 res
830 2739 907 2782 cum
929 2720 1025 2787 milri
1050 2746 1212 2817 perquam

87 2808 137 2884 66
145 2816 280 2882 obscura
299 2815 386 2895 effet,
407 2815 512 2881 lucem
532 2816 611 2902 petii
633 2839 653 2881 a
672 2818 899 2900 Valckenario,
924 2823 989 2908 qui
1015 2848 1106 2896 ecoe
1129 2832 1211 2898 istan

132 2920 224 2986 ‘mihi
245 2921 417 3008 expromsrt
437 2921 706 3007 explicationem:
731 2930 754 2962 “
767 2923 890 3012 Triplex
903 2926 984 2992 mihi
998 2936 1116 3020 caufflz
1131 2936 1210 3003 im.

144 3033 167 3066 “
184 3025 253 3104 tuit,
272 3036 329 3089 'cur
348 3026 417 3088 Dea
428 3024 498 3110 suis
521 3023 681 3089 cultoribus
692 3023 796 3111 fuerit
818 3027 911 3092 irata.
959 3031 1123 3118 Tyranno
1136 3043 1211 3130 fib.

144 3135 168 3168 “
184 3128 256 3207 lata,
282 3128 404 3190 hreram
428 3126 512 3189 itlius
532 3128 691 3216 participes
712 3152 775 3192 aem
798 3130 1014 3220 eradicaffmt‚
1039 3143 1210 3231 drea-1949,

143 3236 168 3270 er
182 3233 214 3294 τὸ
233 3236 281 3307 τῆς
293 3228 389 3314 «Ἥρας
407 3227 543 3312 ἄγαλμα,
558 3229 623 3315 teste
637 3229 800 3295 Heraclide
811 3233 937 3296 Pontico
955 3252 1016 3325 ap.
1032 3242 1162 3311 Athen.
1181 3269 1211 3335 p.

143 3338 167 3372 “
183 3350 259 3416 521.
281 3332 454 3395 F.-Cam
476 3330 606 3416 triginta
628 3333 791 3397 vicinorum
815 3334 1077 3407 Crotoniatum
1102 3346 1213 3436 legam

143 3443 167 3476 ‘⁴
182 3434 354 3521 occidiſjint,
368 3447 396 3497 et
407 3432 586 3520 prrp'ecrfflnt
599 3437 750 3500 cadavera
768 3462 788 3501 a
798 3435 880 3522 feris
898 3436 1109 3513 dilanianda
1118 3478 1133 3530 ,·
1155 3454 1212 3517 hac

142 3542 168 3578 “
181 3537 278 3624 prima
292 3534 436 3600 malornm
451 3535 518 3622 ipsis
533 3538 624 3623 cansa
633 3536 730 3625 suffe
746 3538 855 3601 dicitur
873 3539 1059 3623 μηνίσαντος
1082 3561 1138 3618 τοῦ
1154 3558 1211 3619 ὃ...

142 3647 166 3680 “
181 3640 285 3723 parlin·
307 3640 506 3727 videruntque
521 3639 710 3727 magssratns
725 3643 825 3705 eadem
842 3640 926 3707 nodie
944 3659 1061 3715 atram
1086 3655 1124 3721 in
1138 3659 1212 3723 mi.

142 3749 166 3782 “
183 3756 272 3808 tatem
286 3743 372 3807 bilem
383 3756 559 3807 evomentem
576 3744 685 3821 Deam,
700 3745 779 3831 qaod
788 3743 861 3806 ibid.
877 3743 923 3809 Ε.
944 3747 1135 3836 Ρργῖανοόὶ
1149 3786 1212 3827 ver.

142 3850 167 3884 “
182 3845 226 3907 tis
248 3858 369 3909 enarrat
391 3845 502 3908 Athen.
548 3844 610 3908 Sed
626 3844 805 3931 grauifflma
830 3849 921 3933 causa
946 3858 1084 3924 oraculo
1108 3867 1212 3945 veteri,

142 3953 166 3986 “
181 3949 259 4033 paud
277 3948 413 4012 exhibent
430 3949 542 4012 Athen.
559 3960 586 4011 et
601 3948 704 4035 Steph.
722 3950 868 4033 Byzant,
883 3958 1053 4037 praedicta
1064 3965 1147 4052 sirit
1166 3970 1216 4033 ire

143 4054 167 4086 ιι
181 4047 316 4129 Junonis,
332 4051 409 4136 quod
422 4051 645 4136 larissaeum,
660 4050 691 4112 in
705 4050 830 4114 Junonir
849 4053 903 4140 qui
922 4062 1085 4150 templum
1108 4072 1213 4160 consu,

432 4268 445 4301 ¹¹
462 4269 571 4318 Eustath.
584 4271 612 4318 ad
624 4271 725 4333 Dionys.
737 4271 788 4320 Per.
799 4287 823 4335 p.
835 4281 894 4327 37³.
