2714 4770
253 385 256 392 .
349 342 406 402 ua
426 342 535 402 1s1ua
554 342 608 402 ur
627 341 803 403 osrarou.
823 336 936 422 ,tgya
950 341 988 402 a.
1010 358 1012 362 ·
1131 357 1186 422 ²5⁵

148 501 291 582 ποιουν
316 501 482 568 stratorum
506 502 656 587 sonorum
680 502 766 588 ay...
791 515 905 568 norum
933 501 977 567 en
1003 500 1191 568 testimoniis
1318 511 1320 515 ,

149 607 307 671 Veterum
322 628 342 670 a
356 606 495 672 Meurfio
509 604 617 671 citatio
638 607 746 671 Graec.
769 606 883 671 Feriat.
899 606 962 670 111.
982 627 1016 692 p.
1035 604 1108 691 158.
1123 605 1189 693 seq.

149 708 229 772 Erat
246 706 317 773 haec
336 729 408 794 parc
426 706 666 794 supplicationis
679 730 776 795 quam
794 707 1077 774 animadvertimus
1092 705 1132 772 ad
1146 706 1188 774 li·

149 809 243 873 bmm
261 810 313 875 De
327 810 492 896 superstit.
509 831 542 896 p.
557 812 630 875 166.
646 810 690 874 A.
726 807 852 896 Ἀχαΐα,
868 809 993 875 Cereris
1006 831 1189 897 cognomen
1281 805 1284 813 ’

150 909 288 975 traditur
305 909 348 975 ab
368 910 532 999 Hesychio
545 904 669 997 Ἀχαία·
691 911 808 977 ὶσῖθετον
828 913 984 998 Δήμητρος,
997 912 1051 975 ἀπὸ
1065 918 1114 975 τοῦ
1128 915 1188 999 περὶ

148 1015 199 1092 τὴν
224 1012 313 1100 Κόρην
335 1011 442 1099 Ιἰῖχους,
468 1011 531 1098 ὅπερ
559 1018 672 1078 ὶτοιεῖτο
700 1018 876 1097 ἀναζητοῦσαν
901 1015 995 1093 αὐτήν·
1026 1015 1082 1079 ubi
1110 1015 1190 1080 alios

148 1114 246 1181 etiam
262 1114 354 1182 testes
369 1115 502 1182 adhibet
514 1116 691 1183 AlbertiuS.
724 1121 772 1183 At
785 1117 901 1205 ρῦγαροι
916 1122 1019 1182 κινοῦσι
1029 1117 1191 1204 displicuit

150 1216 224 1282 virio
246 1217 362 1283 dodis.
408 1218 497 1285 Prius
516 1219 549 1284 in
568 1219 750 1306 μεγαλάρτια
765 1235 927 1285 mutatum
943 1217 1071 1284 volebat
1085 1221 1190 1305 Span-

149 1318 277 1386 hcmiua
298 1321 346 1386 ad
372 1320 563 1386 Callimachi
588 1324 712 1409 Hymn.
736 1323 768 1386 in
793 1323 868 1387 Cer.
894 1341 944 1389 ιιι.
964 1320 1055 1427 (1ψά
1076 1322 1190 1386 festum

149 1423 183 1488 in
204 1423 290 1490 Delo
311 1424 453 1488 solemne
474 1437 507 1489 et
528 1446 604 1490 cum
625 1425 887 1511 Thesmophoriis
908 1423 1191 1513 conjundtumsu·

149 1525 204 1591 iffe
224 1527 383 1607 novimus,
399 1541 433 1592 et
446 1527 542 1593 docet
556 1528 714 1593 Meursrus
728 1527 807 1594 ibid.
821 1549 855 1614 p.
871 1543 942 1613 155.
986 1526 1092 1592 Arni}
1106 1548 1191 1615 opua

150 1627 342 1693 mutatione.
385 1627 551 1693 Dicuntur
567 1627 684 1714 μέγαρα
703 1628 744 1694 de
764 1628 886 1694 sacellis
900 1642 934 1694 et
949 1628 1030 1693 sanir
1044 1629 1189 1694 Deorum

150 1751 181 1793 ν.
204 1750 235 1794 c.
261 1729 435 1796 Plutarcho
459 1733 511 1796 De
534 1731 700 1819 Superllit.
724 1753 757 1818 p.
779 1733 853 1818 169.
878 1733 925 1796 Er
952 1723 979 1795 ol
1001 1730 1193 1809 δεισιδαίμονες

150 1838 251 1908 -τοῑς
271 1843 326 1898 τῶν
343 1837 406 1900 θεῶν
422 1835 557 1921 μαγείροις
570 1834 585 1913 l)
599 1834 758 1924 ἀνακτόροις
778 1835 943 1922 προσιόντες.
980 1834 1139 1900 Marcello
1157 1857 1193 1922 p.

151 1955 229 2022 309.
249 1938 294 2001 F:
323 1937 412 2016 ἱκέτης
435 1940 669 2025 προσεκυλινδεῖτο
694 1940 751 2013 τοῖς
771 1937 905 2024 μηνᾶροις
925 1947 980 2002 τῶν
1000 1939 1076 2012 θεῶν.
1113 1939 1192 2002 Por·

154 2038 271 2126 phyrio
291 2040 345 2105 De
367 2041 473 2105 Ant'ro
494 2040 644 2128 Nymph.
665 2043 697 2125 ξ.
713 2040 746 2106 6.
769 2039 884 2105 diserte
903 2039 947 2105 ad
966 2062 1036 2105 rem
1055 2039 1193 2125 presen-

152 2155 241 2206 tem:
265 2146 322 2216 τοῖς
340 2142 391 2224 μὶν
412 2141 553 2224 ὀλυμπίοις
574 2145 639 2217 θεοῖς
660 2141 739 2217 ναούς
759 2169 790 2208 τε
810 2144 858 2206 καὶ
873 2141 916 2220 shr
931 2143 979 2206 real
994 2143 1104 2224 βωμοὺς
1120 2141 1193 2230 ίὸρνὶ·

152 2265 249 2307 cano·
272 2242 388 2328 χθονίοις
402 2244 429 2306 δὲ
444 2244 493 2307 καὶ
507 2245 607 2330 ἥρωσιν
620 2243 759 2331 ἐσχάρας·
783 2240 949 2329 ὑτοχθονίοις
968 2242 996 2306 δί
1015 2243 1125 2330 βόθρους
1146 2245 1195 2308 nal

150 2344 276 2429 με’γυιρα.
314 2343 479 2431 Hesychlo
494 2345 576 2410 Voc.
591 2343 732 2432 Μέγαρα.
769 2343 833 2410 Sed
850 2348 930 2407 κινεῖν
944 2365 1062 2409 novum
1078 2357 1112 2409 et
1125 2344 1192 2410 sus·

151 2449 279 2536 pedum
303 2448 432 2513 accidit.
477 2450 519 2514 Et
533 2449 596 2514 hoc
612 2448 710 2515 habet
722 2471 788 2536 quo
802 2448 833 2513 se
849 2461 978 2513 tueatur
992 2446 1194 2514 locumPor·

151 2550 258 2638 phyrii
277 2552 329 2615 De
351 2549 473 2615 Abstin.
496 2552 554 2614 lV.
571 2571 603 2636 9.
624 2572 658 2637 p.
671 2554 748 2635 326.
767 2550 810 2614 de
823 2549 995 2637 accipitre:
1019 2549 1086 2613 εἶναι
1109 2565 1193 2635 λογι-

153 2650 278 2716 κώτατον
291 2651 462 2715 ἄτολυθέντοι
475 2658 523 2714 τοῦ
543 2651 686 2734 σώματος,
705 2655 794 2715 τελεῖν
813 2677 843 2716 τε
863 2654 1039 2736 ἀγάλματα,
1055 2653 1103 2716 καὶ
1118 2655 1195 2728 ναοὺς
1277 2718 1283 2729 ,

82 2812 86 2817 .
153 2756 243 2817 κινεῖν·
269 2768 389 2818 vertam
409 2755 572 2841 corfinum
580 2752 704 2835 statuar
724 2764 753 2817 et
771 2752 880 2839 templa
894 2761 1036 2819 tration.
1080 2754 1195 2818 Enim·

154 2879 229 2922 vero
246 2857 394 2944 Toupiua
415 2858 447 2922 in
466 2857 620 2954 Append.
634 2857 799 2923 l'heocrit.
815 2879 850 2943 p.
864 2876 919 2942 45.
935 2857 1127 2943 pronunciat
1140 2883 1196 2926 ve·

154 2979 224 3023 ram
239 2956 409 3023 lethonem
425 2957 487 3024 else
501 2962 592 3036 οἰκεῖν,
607 2957 689 3023 etin
704 2957 768 3023 hoc
785 2958 976 3024 Plutarcheo
990 2958 1064 3024 loco
1079 2964 1197 3025 οἰκοῦσιν

154 3058 330 3148 legendum
345 3059 417 3125 else.
450 3061 540 3134 Αὐτὸς
554 3059 618 3144 ἔρα.
648 3059 821 3147 Equidem,
836 3060 916 3126 dum
931 3060 1065 3126 meliora
1078 3059 1195 3126 docea-

154 3184 241 3242 mur,
262 3167 342 3226 κινεῑν
360 3160 516 3227 retineam
538 3183 578 3228 eo
597 3158 700 3244 sen'su,
720 3163 795 3242 saue
813 3163 992 3250 frequenti,
1006 3185 1071 3250 quo
1092 3176 1196 3244 notat,

154 3263 197 3330 cd
217 3286 287 3330 rem
308 3263 489 3330 faciendam
511 3264 675 3344 accedere,
692 3265 828 3353 aggredi
848 3287 942 3353 opus,
958 3278 996 3331 ut
1015 3265 1197 3331 notavimus
1329 3298 1335 3311 ·

154 3389 188 3454 p.
203 3387 275 3454 149.
290 3369 335 3433 D.
364 3369 508 3454 Tempus
522 3368 583 3456 περὶ
598 3367 755 3447 Πλειάδος,
767 3367 801 3434 id
815 3365 907 3433 estad
922 3367 1078 3434 Pleiadum
1090 3382 1196 3449 ortum,

156 3482 195 3534 ut
214 3469 420 3556 probabiliter
440 3469 536 3535 vertit
557 3469 741 3557 Xylander:
763 3491 962 3558 quamquam
984 3470 1055 3536 aliia
1078 3472 1197 3539 dicitur

155 3571 316 3636 Pleiadum
330 3573 456 3660 occasus,
470 3572 569 3637 veluti
583 3572 721 3660 Virgilio
735 3574 859 3660 Georg.
875 3574 903 3637 l.
920 3592 994 3642 τοι.
1009 3573 1067 3639 ubi
1080 3575 1197 3640 consu·

156 3673 241 3739 latur
265 3665 423 3761 Heyniua,
439 3689 472 3739 et
487 3674 633 3741 Petaviua
651 3674 801 3742 Dodtrin.
821 3677 937 3762 Temp.
951 3676 1087 3741 Audiat.
1103 3677 1148 3740 Il.
1163 3699 1196 3763 9.

157 3776 322 3842 Caeterum
339 3774 373 3838 hi
387 3775 510 3839 menses
524 3775 645 3863 Athyr,
661 3776 869 3864 Pyanepfion,
883 3775 1071 3842 Damatriua
1080 3798 1197 3843 conve.

152 3878 253 3943 niunt
274 3875 413 3941 maxime
435 3899 510 3956 cum
536 3880 752 3944 Romanorum
775 3879 972 3958 Novembre,
995 3878 1041 3943 ita
1065 3878 1197 3965 quidem

157 3992 195 4045 ut
216 3979 318 4064 spatio
338 3978 427 4065 quod
444 3978 488 4043 est
507 3978 548 4043 ab
568 3980 651 4043 XXI
672 3980 823 4045 Odobris
843 3979 884 4044 ad
903 3981 986 4045 XXI
1006 3980 1200 4047 Novembris

157 4082 306 4148 censendi
320 4080 390 4145 fint.
418 4083 471 4147 De
487 4080 665 4146 rationibus
679 4104 717 4146 ac
733 4082 919 4146 nominihus
933 4104 1046 4147 eorum
1060 4081 1199 4170 diligen·

160 4194 210 4246 ter
223 4197 257 4247 et
269 4183 394 4249 erudite
409 4184 476 4270 poll
491 4181 571 4248 alios
585 4182 731 4270 exposuit
746 4183 896 4250 Corfinut
912 4184 990 4249 Fast.
1004 4183 1107 4250 Arrio.
1122 4183 1199 4251 Vol.

160 4285 208 4350 11.
224 4285 301 4356 Diff.
311 4288 412 4353 ·x1v.
