2714 4770
155 338 639 401 1111111111101111111.
662 340 728 400 oa.
744 339 782 399 11.
803 340 1114 419 p.339.1-340.1.
1139 357 1190 420 131

198 520 276 588 339.
292 502 331 564 E.
354 505 367 562 ό
381 499 503 587 σιδάρεος
521 502 618 572 ἰκτῖνος
632 499 834 585 πεπαινόμενος]
863 500 933 587 Ipsa
946 501 1039 565 verba
1054 500 1196 587 produnt

155 600 206 666 rel
228 601 351 666 dictum
373 601 420 664 vel
443 598 656 663 imirationem
680 615 803 686 poetae·
827 601 963 664 πεπαίνειν
982 601 1195 688 explicuimus

147 724 190 790 p.
214 723 286 768 102.
301 703 345 767 A.
368 702 490 767 distum
512 723 589 767 cum
609 701 678 766 aliis
698 718 866 789 poetarum
884 703 978 769 dictis
999 702 1195 790 comparavit

155 807 335 871 Wartonus
352 805 393 870 ad
413 805 578 871 Theocrit.
599 805 750 871 Addend.
773 808 811 872 T.
837 807 882 870 ll.
907 827 939 892 p.
958 823 1034 887 412.
1080 808 1139 871 Pro
1161 803 1193 868 Ia

155 932 226 982 τινος
241 906 362 971 Harl*
349 934 373 970 εν
387 933 451 970 τινι.

198 1026 273 1094 339.
288 1008 325 1071 F.
340 1006 539 1092 Ἡφαιστίωνι]
565 1007 805 1095 Notavimusp.
817 1027 891 1094 333.
907 1009 951 1071 A.

152 1131 230 1195 p
243 1129 319 1196 340.
332 1112 411 1174 Β.”
385 1111 460 1195 ..ι’ρξ
460 1113 645 1198 ηνΔαρεῐος’
633 1112 683 1175 uvi
696 1111 848 1197 Ἀτόσσης]
868 1109 992 1175 Ausim
1007 1106 1193 1173 Herodotus

197 1334 273 1402 340.
291 1315 329 1378 Β.
344 1315 463 1398 διάδημα
474 1322 522 1392 τῆς
535 1313 698 1401 βασιλείας]
722 1315 823 1380 Haud
836 1314 1031 1403 negligenda
1044 1312 1087 1378 est
1101 1331 1192 1376 men·
1211 1362 1215 1369 .

154 1417 203 1482 tio
217 1416 361 1482 losiionis
374 1420 412 1497 E,
428 1421 464 1498 F,
476 1420 518 1484 G.
537 1418 605 1483 Pol.
618 1418 744 1483 Schott.
761 1420 786 1482 δ.
801 1445 830 1483 τ.
840 1417 954 1492 Ἀσίας.

196 1539 272 1605 340.
287 1519 326 1583 Β.
342 1519 493 1605 ἀστάνδου]
518 1519 710 1586 Notavimus
724 1542 757 1607 p.
773 1523 849 1606 326.
867 1522 907 1584 Ε.

196 1642 272 1709 340.
289 1621 330 1686 C.
351 1626 399 1700 τὴν
417 1626 569 1701 βασιλικὴν
589 1625 637 1686 καί
659 1624 796 1710 ὀρθοπαγῆ
812 1622 936 1710 κίταρις]
961 1621 1116 1687 Persicum
1132 1641 1193 1683 no·

154 1747 229 1789 rnen
255 1725 372 1812 κίταρις,
398 1725 525 1811 proprie
549 1740 664 1790 notans
678 1725 811 1812 fasciam
833 1725 921 1788 tiarae
945 1724 1050 1811 regiae,
1072 1722 1135 1787 hoc
1160 1733 1194 1786 et

152 1827 224 1892 aliis
238 1825 318 1891 locis
333 1848 391 1911 pro
406 1826 471 1913 ipsa
485 1826 564 1890 tiara
582 1828 762 1914 usurpatur.
807 1829 903 1891 Hanc
918 1827 974 1891 soli
989 1824 1192 1912 regireciam

152 1930 274 2018 gestare
290 1927 421 2016 licebat.
447 1929 531 1993 Satis
544 1929 587 1992 est
597 1928 638 1992 de
650 1928 714 1993 hoc
724 1943 918 2015 argumento
929 1928 1110 2013 scriptorem
1122 1925 1191 1990 lau·
1218 1970 1219 1974 ,
1307 2013 1313 2023 κ

153 2029 239 2094 dalle
254 2029 285 2094 in
302 2029 414 2117 primia
434 2029 624 2094 Brissonium
638 2031 692 2094 De
707 2032 821 2116 Regno
836 2030 917 2107 Pers.
936 2031 963 2093 I.
978 2031 1118 2112 46-52.
1141 2025 1194 2091 cui

153 2130 345 2197 adhibeatur
361 2131 543 2195 Gatakerus
558 2129 691 2196 Advers.
708 2131 869 2195 Posthum.
885 2131 979 2195 XIV.
993 2151 1025 2215 p.
1038 2130 1113 2215 691.
1130 2128 1192 2214 seq.

155 2234 352 2319 interpretes
376 2231 513 2297 Pollucis
536 2232 579 2295 X.
599 2234 670 2298 162.
708 2232 891 2321 Hesychius
909 2232 942 2296 in
958 2233 1048 2296 Voce
1068 2229 1193 2317 Κίδαςις.

153 2335 220 2401 1)ἱο
235 2336 350 2422 Chrys.
368 2335 425 2400 Or.
440 2335 537 2399 XIII.
554 2355 587 2420 p.
607 2340 679 2403 226.
695 2336 748 2400 A:
772 2337 845 2422 ὀρθὴν
867 2335 941 2422 ἔχων
962 2335 1059 2421 τιάραν
1080 2335 1127 2396 καί
1151 2333 1194 2395 rel
1224 2324 1226 2329 ¹

153 2438 241 2522 θρόνου
260 2444 370 2524 χρυσοῦ
392 2436 519 2517 καόίζαιν.
550 2438 644 2503 XIV.
662 2459 697 2525 p.
715 2458 789 2524 233.
811 2438 851 2503 C.
869 2457 943 2524 234.
965 2438 1018 2502 D:
1042 2442 1056 2499 ό
1076 2441 1194 2524 Περσῶν

154 2543 286 2621 βασιλεὺς
301 2540 370 2615 όταις
384 2542 434 2623 μὲν
449 2541 501 2619 ἔξει
515 2540 594 2623 μόνος
608 2542 682 2626 όρόὴν
695 2545 744 2620 τὴν
761 2542 860 2627 τιάραν
876 2541 1033 2626 ἐφρόντιζεν.
1072 2538 1192 2602 Scribi-

154 2644 254 2710 turin
271 2645 359 2709 libris
374 2643 504 2729 quidem
527 2644 642 2731 κίδαρις,
665 2644 779 2732 κίθαρις,
803 2659 836 2709 ct
858 2645 983 2732 κίταριςε
1008 2641 1095 2728 apud
1118 2628 1193 2706 ΡῙυῖ

154 2746 303 2812 tarchum
318 2746 349 2808 in
364 2745 449 2810 Vitis
472 2744 604 2810 subinde
618 2746 737 2832 legitur
757 2749 880 2832 p.'126.
896 2747 936 2809 E.
960 2746 1035 2830 637.
1051 2747 1095 2808 A.
1118 2745 1193 2824 641.

155 2849 196 2913 C.
223 2867 316 2928 1024.
331 2848 370 2909 Ε.
397 2865 490 2930 1025.
507 2849 546 2910 E.
573 2866 667 2930 1052.
682 2849 726 2910 A.

196 2970 272 3037 340.
290 2949 330 3013 C.
354 2947 464 3034 Αἴγων]
491 2949 568 3012 Non
590 2947 787 3013 conveniunt
806 2949 878 3013 haec
892 2970 967 3013 cum
984 2946 1133 3014 Pausania
1150 2948 1194 3012 ll.

156 3072 208 3138 19.
232 3052 421 3137 abrogatam
438 3048 558 3137 regiam
574 3051 760 3138 potestatem
776 3037 933 3116 trallente.
978 3052 1032 3115 An
1055 3048 1194 3137 AEgonis

153 3154 253 3242 hujus
269 3152 385 3218 notitia
396 3151 472 3216 alibi
487 3153 595 3232 exstet,
611 3151 665 3217 alii
680 3151 818 3218 videant.

196 3275 272 3341 340.
292 3256 332 3334 C,
354 3257 396 3321 D.
418 3259 444 3319 ἐν
467 3254 770 3343 Πάφῳ-Ἀλόνομος]
796 3259 834 3321 ln
857 3255 989 3320 nomine
1003 3253 1143 3318 hominis
1159 3266 1195 3319 et

154 3357 187 3422 in
209 3357 283 3422 loco
305 3357 425 3422 variant
448 3356 628 3443 scriptores.
673 3357 836 3424 Diodorus
858 3357 923 3423 Sic.
939 3358 1052 3435 XVII,
1067 3359 1123 3438 46,
1137 3375 1193 3438 47.

156 3460 227 3546 Tyri
245 3461 357 3524 eversae
377 3481 484 3546 regem
501 3459 702 3546 Ballonynum
719 3462 760 3525 ab
780 3460 967 3526 Alexandro
986 3460 1194 3525 constitutum

154 3561 263 3626 resert.
286 3562 426 3627 Iullinus
443 3564 503 3627 XI.
523 3583 573 3628 10.
612 3564 746 3628 Curtius
761 3565 821 3629 lV.
841 3584 868 3627 1.
893 3563 1010 3628 sidonis
1024 3561 1194 3626 Abdalomi·

152 3687 234 3730 num.
279 3662 495 3730 Conferantur
509 3667 718 3752 Interpretari,
733 3665 765 3731 in
782 3665 894 3752 primis
908 3663 1138 3752 Wesselingius
1153 3662 1194 3728 ad

152 3763 291 3830 Diodori
307 3765 329 3830 l.
346 3787 375 3830 c.

196 3887 273 3954 340.
289 3869 327 3933 E.
350 3869 448 3949 βόόεσι
467 3869 568 3955 χιόνων
589 3870 834 3957 κατακεχασμίνα
848 3868 918 3956 ἔθνη]
942 3868 1106 3934 Diodorus
1127 3868 1193 3935 Sic.

153 3970 266 4036 XVII.
283 3971 336 4037 82.
374 3971 505 4037 Curtius
520 3975 563 4038 V.
578 3991 612 4059 3.
650 3974 800 4038 Narratio
819 3986 888 4037 tcta
901 3971 1037 4036 oratorie
1052 3993 1190 4058 exagge·
1217 3984 1220 3988 '

153 4087 234 4150 rata,
252 4089 309 4138 aut
328 4075 382 4161 1ps
386 4098 421 4139 us
442 4074 573 4163 ingenio
594 4075 728 4141 oratoris
743 4071 853 4142 autex
867 4073 1083 4160 Scriptoribua
1099 4075 1194 4139 labu-

152 4173 238 4240 lolia.

195 4295 271 4360 340.
293 4277 332 4341 E.
359 4276 503 4344 θάλατταν
526 4275 690 4365 μαχομένην
712 4228 858 4364 ότλιυσο]
874 4235 1031 4343 Arrianua
1056 4226 1116 4345 Vl.
1143 4296 1194 4363 19.

641 4399 666 4444 11
684 4399 703 4497 2
