2714 4770
150 359 209 422 ¹62
288 358 328 418 Ι).
349 355 400 416 W.
420 354 618 417 ANIMADV.
640 353 685 414 IN
706 351 942 415 PLUTARCHI
963 353 1049 415 ΜΒ.

148 524 247 607 πρῶτοι
258 518 361 584 md·
376 518 425 582 nal
436 518 467 580 cl
480 516 509 580 ir
520 523 624 602 πρῶτον
633 515 733 579 λεπτὸν
746 516 888 602 διαιρεῖται
900 518 936 589 εἰς
947 514 1089 594 laton«
1098 511 1206 592 πάλιν,

148 620 170 689 d
190 624 319 688 ιιιιλιῖτιιι
337 619 447 708 διόπρο
467 617 613 684 λιπίι-·
638 617 794 683 Firmicus
815 613 986 684 Maternus
1003 616 1203 684 Astrouom.

150 720 244 806 ll.5=
259 718 394 808 Singula
396 721 504 808 figas,
514 718 622 784 XXX
626 731 729 808 partes
744 719 866 785 habent.
898 717 958 805 Est
969 729 1074 783 autem
1080 733 1163 807 pars
1174 717 1206 783 ιἰι

138 823 230 911 figno
251 832 352 887 tantm
371 821 458 902 loon,
478 834 624 910 quantum
645 820 723 886 Solis
744 832 797 884 aut
816 821 918 889 Luna
933 820 1010 887 orbis
1024 821 1059 885 ιίι
1075 819 1205 885 circuitu

150 921 361 1012 coeptetlitur.
406 924 469 990 Sed
486 947 546 994 ιιιιο
564 938 638 1012 pars
659 922 692 986 in
713 922 829 987 ιιιὶιιιιιο
850 922 1002 989 dividitur
1011 921 1203 1010 sexaginta,

151 1025 230 1114 ttfic
243 1027 385 1117 deinceps.
431 1030 469 1093 ln
492 1024 606 1092 eodem
627 1038 834 1114 argumento,
850 1025 990 1112 partium
1009 1023 1201 1091 divisonem

150 1125 186 1193 in
209 1129 373 1218 sexaginta
396 1130 524 1195 minuta
548 1127 673 1195 omittit
696 1127 891 1195 Censorinus
915 1129 968 1195 De
992 1126 1062 1193 Die
1087 1126 1202 1193 Natali

150 1229 229 1296 Vll.
248 1252 285 1316 p.
296 1245 352 1317 37.
374 1230 432 1296 ubi
451 1230 532 1296 alios
550 1230 647 1297 etiam
669 1229 768 1317 hujus
790 1229 901 1317 placiti
918 1229 1013 1298 telles
1026 1228 1112 1295 citat
1125 1251 1201 1294 enr-

152 1328 320 1397 ditissimus
328 1330 599 1418 lindenbrogius.
622 1329 840 1418 Quodautem
849 1329 996 1418 Squiriut
1005 1331 1101 1413 dicit,
1114 1332 1201 1399 “Ad

151 1435 177 1481 ‘¹
192 1450 261 1498 tem
284 1431 491 1513 Censorinus,
511 1434 563 1498 Est
584 1444 695 1498 autem
713 1432 769 1497 hic
787 1450 940 1499 numerus
957 1433 1200 1523 (sexagenarius

153 1539 178 1576 “
193 1533 274 1620 soil.)
314 1532 491 1622 Allrologis
516 1533 621 1622 prima
644 1533 803 1615 mensura,
826 1557 925 1621 quem
947 1535 1055 1603 τέλιιοιι
1077 1538 1200 1618 Greci,

152 1643 178 1679 “
193 1659 253 1704 nos
271 1637 454 1726 perfectum,
472 1657 623 1702 vocamus
633 1637 668 1716 ;”
690 1637 734 1703 est
748 1637 820 1702 sane
835 1659 854 1701 a
868 1660 902 1703 re
916 1637 1082 1705 alienumr
1103 1642 1203 1710 verba

152 1741 225 1808 htec
246 1741 320 1807 sunt
344 1739 513 1807 Censorini
538 1741 601 1804 xl.
624 1761 660 1826 p.
678 1759 733 1826 49.
761 1739 818 1804 ubi
841 1761 906 1804 non
928 1739 970 1804 de
990 1740 1202 1830 sexagenario

151 1844 225 1911 Lx.
240 1843 296 1911 sod
313 1842 355 1910 de
365 1841 492 1910 senario
505 1843 566 1908 VI.
582 1841 701 1929 agitur.
745 1842 854 1907 Aliam
872 1841 1007 1908 caussam
1022 1843 1202 1913 sautlimo·

153 1943 217 2013 nire
241 1945 339 2036 hujus
363 1943 491 2013 numeri
513 1942 706 2033 Guignesrus
731 1945 798 2028 (De
826 1943 987 2032 Guignes)
1014 1946 1139 2034 repetit
1162 1968 1203 2014 ex

153 2048 260 2139 Cyclo
272 2051 335 2117 LX
349 2047 533 2117 Sinenfibus
547 2059 582 2115 et
595 2047 762 2136 AEgyptiis
783 2046 893 2136 culto:
917 2047 957 2112 de
972 2069 1038 2136 quo
1055 2048 1204 2119 videatur

152 2152 187 2220 in
200 2151 370 2220 Memoriis
384 2150 544 2219 Academ.
561 2150 710 2237 inscript.
726 2152 821 2216 Tom.
837 2152 977 2217 XLVll.
991 2172 1026 2238 p.
1037 2168 1118 2238 357.

195 2255 272 2341 381.
289 2253 332 2319 C.
348 2254 380 2317 δι’
394 2252 554 2340 ὶμφδτιροι]
578 2250 656 2318 Vid.
672 2273 707 2338 p.
718 2253 795 2340 380.
813 2253 854 2318 Ε.
871 2252 926 2318 fin.

196 2357 274 2444 381.
291 2355 332 2421 C·
347 2354 408 2442 περὶ
420 2355 472 2437 ph
484 2356 534 2418 ‘reti
549 2355 639 2439 κιιιός]
664 2375 698 2440 p.
712 2370 789 2441 355.
805 2355 844 2419 B.
866 2357 943 2441 365.
959 2358 996 2420 F.

194 2457 272 2545 381.
293 2453 334 2536 0,
349 2455 395 2521 D.
418 2461 434 2534 ἡ
455 2457 483 2518 δὲ
504 2455 819 2543 ἶβιξ-ἀμφιιιορτοι.]
843 2457 910 2523 Ibis
924 2458 1090 2544 serpentes
1104 2471 1141 2525 et
1155 2458 1204 2526 le-

154 2558 249 2626 tifera
261 2556 388 2646 reptilia
402 2555 533 2623 conficit
541 2586 552 2637 ι
572 2556 660 2646 quod
675 2557 808 2624 tradunt
824 2558 940 2626 Cicero
956 2560 1037 2624 Nat.
1053 2560 1160 2627 Deor.
1177 2565 1205 2628 1.

153 2663 209 2750 36.
232 2663 278 2728 ll.
293 2682 348 2747 50.
385 2660 524 2731 Diodor.
540 2660 605 2727 Sic.
622 2663 650 2727 1.
667 2662 720 2747 87.
759 2662 956 2749 Pomponius
978 2662 1071 2729 Mela
1087 2665 1155 2730 Ill.
1171 2667 1204 2730 8.

154 2763 275 2833 Plinius
291 2765 338 2830 H.
353 2764 399 2828 N.
412 2765 457 2829 X.
471 2784 526 2847 40.
543 2762 608 2842 alii,
624 2786 705 2850 quos
719 2763 764 2829 ibi
778 2764 889 2831 laudat
904 2764 1108 2850 Harduinus.
1138 2769 1206 2833 Ee·

153 2867 229 2936 dem
243 2867 275 2934 se
288 2868 363 2964 cibo
376 2879 541 2933 oneratam
558 2881 671 2933 vacuat
687 2867 835 2954 perluens
851 2867 958 2935 alvum
974 2869 1074 2935 rostro
1086 2868 1120 2933 in
1134 2868 1207 2957 ejus

154 2969 268 3037 ostium
283 2970 412 3051 inserto,
425 2969 534 3056 itaque
552 2970 726 3058 AEgyptios
740 2970 880 3058 clysteris
894 2972 1051 3036 rationem
1069 2970 1204 3038 docuit:

75 3146 78 3152 ,
154 3074 286 3142 testibus
314 3073 418 3139 Plinio
444 3075 491 3138 H.
518 3075 563 3139 N.
598 3073 695 3141 Vlll.
715 3096 770 3158 41.
813 3075 986 3142 Plutarcho
1007 3076 1060 3143 De
1083 3075 1205 3144 solen.

153 3179 222 3244 An.
244 3199 277 3264 p.
292 3195 368 3263 974.
387 3175 427 3239 C.
463 3174 595 3241 AEliano
616 3176 695 3240 Nat.
716 3177 783 3243 An.
806 3178 851 3241 ΙΙ.
865 3192 921 3263 35.
945 3200 1005 3244 nec
1026 3178 1082 3243 nis
1101 3202 1205 3246 mun·

155 3277 279 3345 damet
293 3278 453 3366 integram
468 3299 586 3365 aquam
602 3277 643 3345 ad
662 3279 755 3344 usum
769 3279 915 3361 adhibet,
930 3280 1017 3368 quod
1032 3281 1112 3347 item
1127 3300 1207 3349 nar·

155 3391 206 3446 rat
220 3378 367 3446 AElianus
382 3381 429 3447 N.
445 3381 489 3445 A.
506 3382 550 3445 X.
567 3400 620 3468 29.
652 3381 779 3469 Figurae
795 3382 1033 3448 fimilitudinem
1048 3406 1127 3449 cum
1149 3385 1209 3453 tri·

155 3480 278 3570 angulo
297 3481 471 3569 aequalium
493 3483 629 3548 laterum
651 3497 743 3549 notat
764 3483 830 3570 ipse
848 3483 1036 3550 Plutarchus
1050 3485 1207 3573 Sympos.

156 3583 217 3652 IV·
230 3601 265 3669 5·
280 3603 314 3672 p.
325 3585 400 3670 670.
414 3585 444 3652 C
456 3612 465 3652 ι
487 3589 559 3649 ιιοιιῖ
570 3586 598 3649 δὲ
612 3591 647 3672 τῇ
660 3594 715 3651 τῶν
729 3588 815 3650 ποδῶν
828 3584 963 3649 ἀποτάσει
978 3587 1043 3673 πρὸς
1058 3587 1207 3665 ἀλλήλους

154 3685 205 3751 aul
222 3686 289 3775 cpit
305 3687 338 3750 ri
360 3688 479 3776 ῥύγχος,
503 3688 660 3776 ἰσόπλουροι
681 3687 824 3774 τρίγονοι.
872 3689 1051 3752 pennarum
1066 3688 1209 3756 varietas

156 3785 200 3855 est
225 3784 258 3851 in
287 3787 389 3856 altero
414 3789 542 3879 ibidum
570 3803 604 3854 et
631 3789 740 3857 cicure
766 3812 898 3877 genere,
922 3803 960 3854 ut
986 3789 1137 3855 novimus
1165 3812 1208 3857 ex

155 3887 330 3955 Herodoto
346 3893 391 3958 Il.
403 3893 455 3976 76.
473 3890 571 3979 hujus
584 3906 694 3958 autem
710 3891 870 3957 varietatis
884 3889 1147 3956 accommodatio
1163 3890 1209 3959 ad

156 3990 396 4059 fimllltudlnem
417 3997 521 4061 Lunae
543 3995 728 4081 ἀμφικύρτου,
751 3994 772 4058 ἱ.
789 4017 819 4059 e.
835 4019 887 4058 nec
899 3992 999 4081 plenae
1012 4017 1064 4057 nec
1078 3994 1209 4060 dimidi-

157 4104 232 4171 ata,
245 4091 291 4159 ita
306 4097 391 4161 enim
405 4096 468 4162 hoc
481 4120 600 4162 nomen
611 4098 782 4185 usurpatur
792 4120 811 4162 a
823 4095 996 4162 Plutarcho
1006 4117 1040 4183 p.
1053 4097 1149 4164 1028.
1159 4099 1211 4165 D.

157 4217 354 4284 quamquam
373 4199 413 4265 ab
431 4199 492 4265 hac
510 4198 608 4264 etlam
622 4203 769 4281 μηνοειδὴς,
783 4190 922 4287 falcahs,
936 4198 1155 4286 distinguitur,
1172 4222 1211 4290 p.

161 4314 235 4386 157.
251 4299 288 4366 B.
311 4318 388 4387 930.
399 4303 439 4367 E.
460 4321 536 4389 931·
551 4301 595 4368 A.
610 4302 681 4368 haec
695 4304 769 4369 sane
783 4302 984 4391 comparatio
997 4302 1039 4368 est
1053 4308 1213 4393 γλιοχμὶ,
