2714 4770
497 318 755 382 PRAEFATIO.
1006 308 1008 312 Α
1088 336 1146 395 303

148 479 202 545 De
227 480 350 547 ratione
374 503 486 570 quamv
501 482 533 548 in
561 479 884 548 animadverfiouihue
910 475 1148 544 conscribendis

106 580 206 647 secuti
230 583 351 664 sumus,
371 607 447 651 cum
465 584 507 650 de
527 606 565 651 ea
580 585 681 652 ledtor
698 584 764 672 ipse
780 581 929 672 judicare
952 580 1058 668 poffit,
1082 602 1147 645 nou
1264 643 1270 651 .

106 685 260 772 estquod
282 685 387 753 multa
406 688 564 754 dicamur.
610 690 648 753 ln
675 687 768 752 variis
794 684 985 752 leffiouibua
1012 705 1148 750 enume-
1186 703 1191 721 ·

107 786 215 854 randis
230 811 269 855 ω
285 790 503 879 dijudicandis
518 791 682 857 notuimus
695 790 864 857 obscuram
878 787 1081 875 diligentiam
1097 787 1148 852 ir-
1193 793 1196 801 ’
1277 768 1307 806 ³

108 888 242 956 sectam
265 892 404 979 expenso
426 892 580 982 cujusque
606 906 775 958 momento
801 891 940 957 breviter
964 887 1151 978 fignifieavi·

108 1014 192 1074 mue,
215 994 293 1082 quid
314 996 345 1061 ei
366 996 575 1083 tribuendum
597 997 651 1076 lit3
675 995 730 1060 nifi
748 1017 814 1060 uno
828 994 993 1081 alteroque
1010 993 1083 1058 loco
1104 991 1153 1057 rei

108 1095 203 1182 ipliue
223 1098 362 1186 gravitas
381 1112 416 1166 et
433 1100 606 1166 difficultas
628 1100 726 1165 fufius
747 1120 909 1187 exponere
929 1120 987 1163 noe
1008 1109 1152 1184 cogeret.

104 1199 174 1265 >sed
194 1200 349 1282 defundi,
368 1218 525 1291 quantum
549 1202 616 1269 deri
638 1202 757 1289 potuit,
769 1199 1000 1266 accuratiffime
1012 1198 1152 1265 breniffi·
1218 1191 1228 1202 ‘⁴

109 1325 227 1391 meque
246 1305 437 1373 emendandi
457 1307 576 1387 officio,
592 1307 743 1373 omnibus
757 1305 878 1371 viribus
891 1304 924 1370 iu
939 1302 1153 1392 explicatione

109 1405 353 1474 elaboravimus.
391 1411 485 1476 -Cum
507 1411 607 1492 enim,
632 1423 668 1476 ut
689 1431 803 1475 omnes
824 1407 987 1474 Plutarchi
1008 1405 1095 1486 libri,
1111 1426 1154 1472 ex
1196 1465 1199 1469 ,

82 1510 87 1516 ’
109 1508 232 1576 intimis
251 1511 465 1601 Philosophiae
486 1513 631 1578 fontibus
654 1511 751 1578 dueta
771 1523 806 1577 et
823 1509 913 1576 omni
935 1509 1154 1575 dodtriuarum

109 1633 228 1698 genere
248 1614 364 1680 referta
385 1616 422 1680 sit
442 1614 514 1680 haec
534 1615 722 1703 disputatio,
736 1636 865 1700 operam
881 1610 955 1705 dedi
970 1627 1008 1677 ut
1023 1610 1155 1698 planum

110 1715 261 1795 lacerem,
272 1739 311 1782 ex
326 1717 420 1806 cujus
435 1718 527 1783 seetae
543 1717 690 1784 doctrina
703 1716 872 1804 quodlibet
885 1714 1040 1802 placitum
1055 1715 1156 1778 fluxe-

44 1848 49 1857 ·
110 1817 168 1882 rit:
193 1817 340 1897 historie,
355 1840 428 1907 quae
441 1818 654 1898 adferrentur,
670 1841 734 1906 qua
748 1817 940 1884 audioritate
954 1815 1155 1881 niterentur:

111 1933 146 1984 et
166 1919 286 2008 ubique
307 1922 349 1987 ad
369 1944 520 2010 quaenam
540 1923 598 1987 five
622 1924 807 2001 Poetarum,
822 1921 882 1985 five
902 1919 1039 1985 aliorum
1057 1917 1156 2005 serip-

113 2032 222 2087 torum
252 2022 340 2088 dieta
363 2013 575 2103 alludere'tur3
600 2023 690 2112 quod
717 2023 750 2089 in
773 2023 835 2088 hac
858 2044 956 2109 opera
979 2020 1158 2087 maximum
1262 2047 1263 2050 ¹

112 2140 317 2190 momentum
338 2125 380 2190 ad
402 2125 651 2215 intelligendum
673 2126 841 2193 audiorem
862 2125 1000 2213 positum
1021 2123 1095 2204 effe,
1117 2144 1158 2188 ea
1230 2153 1233 2157 >

114 2226 264 2315 neglee‘ta
290 2227 503 2316 plurimorum
529 2230 676 2297 locorum
702 2251 807 2318 neque
832 2228 1023 2295 sententiam
1054 2246 1159 2313 neque

113 2328 307 2396 venustatem
323 2329 445 2419 percipi
460 2332 546 2418 polle
561 2333 685 2399 scirem.
738 2330 741 2335 ’
1043 2402 1046 2407 ,
1087 2377 1090 2383 -

154 2433 309 2522 Denique·
323 2447 361 2500 ut
378 2435 442 2502 hoc
459 2434 534 2501 loco
549 2435 668 2501 Eralmi
683 2434 870 2523 opinionem
886 2432 1025 2501 breviter
1038 2446 1157 2520 tanga·

112 2556 197 2615 mue,
211 2537 288 2602 lacit
299 2537 356 2602 viri
367 2538 478 2625 magni
488 2538 673 2604 audioritas.
707 2539 772 2603 Hic
787 2538 819 2603 in
835 2536 966 2624 Adagio
981 2538 1069 2600 Μετὰ
1080 2533 1161 2625 Alcg

112 2640 173 2717 βων
189 2641 283 2703 Ὠιδὸν
304 2638 503 2726 fignificavit,
520 2641 551 2704 se
569 2641 601 2704 iu
617 2640 700 2706 libro
718 2639 759 2705 de
776 2639 850 2704 Sera
865 2639 960 2703 Num.
979 2638 1072 2702 Vind.
1088 2657 1161 2702 eam
1192 2672 1195 2677 ’

114 2739 300 2816 subodorari
313 2761 333 2804 a
346 2741 462 2806 ceteris
482 2741 645 2806 Plutarchi
664 2740 797 2828 scriptia
810 2740 868 2807 stili
884 2739 1108 2818 diverfitatem,
1123 2750 1162 2804 ut

115 2840 278 2907 dubitaret
292 2864 332 2907 au
346 2842 388 2907 ad
402 2843 543 2909 eundem
563 2844 728 2909 audiorem
747 2843 858 2908 referri
877 2843 982 2929 pollit.
1027 2843 1103 2907 Nou
1117 2841 1162 2907 est

115 2943 205 3031 quod
227 2943 315 3009 hunc
336 2966 478 3010 errorem
498 2945 567 3011 fuse
588 2945 833 3034 redarguamus.
878 2947 965 3011 Nam
987 2944 1065 3009 huic
1086 2942 1162 3031 qui·

117 3045 192 3112 dem
205 3046 315 3114 libello
329 3071 504 3135 germanus
519 3048 597 3114 inest
611 3049 701 3115 color
706 3075 718 3131 ς
733 3051 840 3129 verba,
856 3048 1020 3126 strutiura,
1036 3049 1164 3113 senten·

115 3148 234 3214 tiarum
256 3149 392 3231 lumina,
409 3151 539 3218 dicendi
560 3152 686 3231 formae,
708 3151 893 3238 disputandi
915 3150 1008 3231 ratio,
1032 3149 1164 3215 habitus

117 3248 256 3338 denique
283 3253 384 3319 totius
408 3253 563 3320 orationis
584 3254 666 3319 adeo
684 3254 791 3319 similia
810 3252 942 3340 reliquia
966 3252 1104 3338 scriptia,
1126 3263 1164 3316 ut
1227 3297 1232 3303 -
1279 3250 1282 3260 '

118 3352 210 3422 facile
232 3355 336 3442 quivis
356 3378 471 3422 omnes
494 3356 675 3453 Plutarchei
692 3355 816 3445 ingenii
829 3377 982 3421 numeros
995 3354 1162 3442 agnoscat.

119 3457 233 3545 Itaque
255 3480 330 3524 curn
350 3459 428 3526 varii
445 3458 548 3526 varios
565 3459 728 3526 Plutarchi
747 3460 845 3526 libros
860 3458 960 3534 arlelas
974 3457 1164 3524 convincere

118 3559 252 3648 adgrelli
266 3560 338 3642 lint,
353 3576 467 3628 contra
482 3563 622 3628 nostrum
637 3576 746 3628 tamen
757 3560 917 3642 libellum,
928 3559 986 3647 qui
998 3559 1048 3625 vel
1062 3557 1164 3644 suspi-

118 3661 245 3727 cionem
262 3662 346 3727 hanc
361 3664 498 3730 moverit
513 3679 629 3751 praeter
644 3664 811 3728 Erasmum
828 3684 925 3727 nemo
941 3674 1087 3748 repertus
1104 3658 1164 3725 est:

117 3785 224 3851 neque
239 3762 267 3829 is
281 3763 413 3851 quidem
427 3765 639 3845 confidenter,
655 3764 709 3831 sed
723 3764 911 3829 dubitanter
924 3760 1102 3827 admodum
1118 3760 1168 3828 sui

119 3866 210 3932 dubii
224 3867 338 3956 injecit
353 3868 564 3934 mentionem.
606 3867 764 3934 ⁸00th
779 3887 909 3954 quoque
924 3863 1055 3929 teliibue
1069 3862 1167 3929 Lam

116 3971 187 4060 pria
215 3972 249 4038 in
278 3973 454 4060 catalogo,
483 3986 518 4039 et
543 3973 667 4061 Sopatro
693 3969 780 4058 apud
806 3968 949 4034 Plautium
980 3965 1066 4033 cod.
1094 3966 1167 4031 161.

121 4090 202 4157 quoe
221 4075 365 4142 laudavit
385 4075 486 4142 etiem
498 4075 533 4140 J.
547 4075 591 4141 A.
607 4072 763 4139 Fabricius
779 4074 819 4138 B.
839 4072 883 4136 G.
903 4071 943 4136 T.
959 4070 1024 4134 111.
1043 4089 1077 4156 p.
1091 4082 1169 4156 357.

123 4303 140 4350 h
154 4227 166 4256 ⁸
183 4222 212 4350 ¹lu
229 4215 411 4286 Supplemeru'h
426 4232 455 4276 ad
472 4231 561 4281 stobaet
580 4231 651 4294 Phys.
663 4246 696 4280 ex
710 4231 749 4280 Jo.
764 4229 919 4280 Damascene
935 4228 1042 4277 adfertur
1057 4227 1170 4274 locum

141 4316 171 4351 oc
193 4304 244 4353 ibro
255 4319 279 4368 p.
289 4314 330 4360 at.
