2714 4770
216 339 237 401 J
259 334 316 403 Du
337 332 447 393 1s1uu
466 331 520 393 ΒΤ
539 330 717 392 osutmu.
738 351 769 412 p.
782 345 853 410 557.
866 331 902 403 A,
915 331 955 391 B.
1072 349 1125 411 σφι

85 495 171 558 irim
192 493 340 582 Κουρήτων
359 495 449 575 ἀφανῆ
469 497 593 571 πονῆσαι·
616 497 641 557 ol
662 492 691 556 ii
710 489 849 574 ,ήφρίννσαν
870 490 962 575 ariade:
987 492 1036 556 καί
1060 493 1116 567 Ζαὺ1
1136 521 1140 535 ·

84 597 136 676 μίν
164 595 323 677 αίσίίμεννς
345 592 442 670 κτνίνεν
468 595 620 683 Κούρητας·
641 592 691 659 'loi
715 596 744 660 ii
766 595 811 660 ίσί
834 593 944 676 ζίπησνν
964 599 1014 658 τοῦ
1034 594 1131 670 παιδὸς

86 701 232 786 hobam·
257 695 421 782 πλαναμίνη
440 699 469 764 δὲ
492 702 568 764 κατὰ
592 696 698 784 Συρίαν
717 695 844 778 uzarae,
868 699 925 762 ίκνῖ
947 698 1019 785 (γὰρ
1041 695 1127 778 dele)

86 800 214 883 ίμηννίντν
228 801 263 875 νίς
278 805 327 864 τοῦ
342 799 472 881 Βυβλίων
489 799 631 880 βασιλίας
650 804 720 887 γυνὴ
737 801 847 879 ίτνίήννν
865 800 912 865 τὸν
929 799 1050 886 vidue.
1073 798 1131 875 ubi

87 901 302 991 cognoscatur
315 901 440 991 Heynii
454 902 634 968 annotatio.

129 1020 206 1091 357.
219 1005 261 1071 A.
277 1003 352 1093 ίρίκῃ
363 1005 618 1094 τινί-ἇσέκρυψεν
629 1007 703 1082 ίντός
712 1006 833 1090 lauria]
849 1007 931 1070 Haec
940 1004 1036 1092 plana
1044 1005 1130 1086 sunt,

86 1120 121 1173 et
134 1128 303 1194 perperam
318 1128 338 1171 a
351 1106 480 1194 Squirio
500 1129 560 1194 pro
581 1106 746 1194 impeditis
767 1106 887 1173 habita.
931 1108 1020 1172 Nam
1042 1106 1132 1194 quod
1251 1098 1254 1106 ⁸

87 1207 162 1298 ίρίκη
185 1208 269 1275 inter
287 1209 412 1297 plantas
431 1210 570 1274 minoren
584 1209 751 1275 censeatur
765 1197 846 1274 nihil
860 1207 902 1274 ad
916 1231 1005 1288 rem;
1028 1231 1131 1296 quum

55 1300 58 1307 Δ
87 1312 159 1379 haec
181 1312 337 1378 miraculo
358 1311 468 1377 divino
489 1311 625 1378 evenisse
644 1310 863 1378 crederentur.
909 1314 1056 1378 Venetus
1075 1311 1133 1379 dat

88 1415 189 1502 ἐρείκη,
208 1416 263 1481 hic
282 1432 317 1481 et
337 1438 426 1495 mox,
449 1439 522 1503 quoe
545 1418 589 1489 est
609 1416 764 1502 scriptura
785 1415 977 1482 accuratior.
1021 1415 1133 1481 Mezi-

87 1519 191 1584 riacua
200 1517 366 1583 annotavit
379 1517 480 1605 μυρίκη
495 1517 599 1592 hicet
614 1540 704 1600 mox,
714 1517 839 1583 sortasse
850 1519 955 1606 μόρραν
966 1518 1085 1599 volens,
1098 1532 1134 1593 et

89 1643 158 1686 rem
178 1643 255 1686 cum
271 1619 421 1686 Adonide
435 1642 475 1685 ex
494 1619 633 1708 Myrrha
647 1633 724 1685 nato
737 1641 945 1706 comparans:
966 1619 1048 1686 illud
1062 1621 1133 1687 sru-

90 1722 159 1803 stra,
181 1722 259 1811 quia
280 1723 355 1789 sunt
380 1722 507 1789 diversae
536 1723 684 1788 arbores:
718 1722 782 1788 hoc
810 1722 1031 1803 verisimiliter,
1052 1724 1135 1811 ¹quia

89 1825 197 1891 Graeci
218 1826 304 1890 hanc
324 1839 450 1912 partem
467 1825 585 1891 sabulae
600 1824 640 1890 de
656 1823 778 1891 Osiride
791 1824 833 1891 ad
847 1838 956 1891 ortum
971 1825 1133 1893 Adonidis

42 1927 49 1937 ’
89 1924 259 1992 traduxisse
281 1925 442 2006 videntur,
464 1938 502 1991 ut
522 1926 673 2015 Heyniua
689 1926 730 1991 ad
750 1926 987 2013 Apollodorum
1006 1926 1031 1993 l.
1046 1949 1077 1992 c.
1091 1929 1132 1994 T.

90 2028 138 2093 II.
158 2049 192 2115 p.
210 2045 284 2115 257.
301 2027 439 2092 monuit.
484 2025 548 2092 Sed
570 2042 603 2092 et
624 2049 699 2092 cum
721 2027 843 2092 Bacchi
863 2042 940 2093 ortu
959 2027 1133 2117 hocargu·

83 2123 239 2196 'mentum
262 2130 537 2196 communicatum
554 2130 615 2197 esse
630 2131 727 2196 docet
739 2130 988 2214 Valckenarius,
1008 2134 1134 2201 erudite

91 2232 217 2299 dehoc
242 2247 276 2299 et
299 2232 369 2298 aliia
395 2232 493 2322 hujus
517 2233 590 2300 libri
616 2233 696 2305 locis
718 2233 882 2314 differens,
904 2233 945 2300 ad
970 2235 1135 2324 Euripidis
1247 2297 1249 2301 .

92 2334 241 2400 Phoenils.
262 2336 339 2420 654.
358 2335 421 2422 seq.
444 2335 500 2401 ubi
520 2335 563 2401 de
582 2335 713 2402 Baccho
734 2358 846 2402 recens
864 2351 953 2418 nato,
975 2338 1085 2414 Κισσὸς
1106 2335 1136 2403 ίν

87 2442 261 2528 περιστεφὴς,
279 2439 414 2514 Ἑλνκτός
427 2440 503 2515 nulle
520 2437 560 2503 ίτν
573 2439 674 2528 βρέφος
688 2439 888 2527 Χλσηφίρσνσνν
904 2440 1003 2530 ίρννσν,
1026 2447 1132 2508 Κατα-

90 2541 206 2605 σκίονσνν
221 2540 341 2618 ὀλβίσας
352 2541 489 2607 tedesco.
513 2542 591 2608 Vim
601 2543 748 2609 vocabuli
761 2545 937 2629 ἀναδραμεῖν,
946 2545 1133 2633 procrescere,

91 2645 123 2709 in
136 2644 323 2709 altitudinem
337 2645 502 2734 excrescere,
518 2646 701 2712 notavimus
715 2669 750 2732 p.
764 2664 796 2712 2.
814 2646 853 2710 C.

134 2767 210 2834 357.
226 2748 270 2812 A.
288 2746 404 2830 κίλκον]
429 2749 542 2835 κορμὸν,
559 2759 706 2827 tremum,
722 2760 798 2812 ante
813 2744 1045 2813 Marklandum
1061 2771 1135 2814 cor·

92 2850 175 2916 rexit
196 2847 386 2917 Salmasius:
410 2872 476 2936 quo
498 2849 590 2915 sensu
607 2865 724 2937 praeter
739 2850 937 2916 Athenaeum
952 2852 996 2914 V.
1011 2870 1046 2935 p.
1059 2868 1134 2916 201.

92 2956 136 3020 A.
161 2951 487 3038 citatumstephano
507 2950 602 3018 Thes.
624 2955 665 3020 L.
681 2954 741 3019 Gr.
761 2954 802 3018 T.
821 2954 867 3019 ll.
886 2974 920 3040 p.
937 2972 1010 3034 104.
1033 2951 1137 3018 utitur

92 3057 278 3121 OEnomaus
291 3075 346 3141 ap.
362 3054 478 3120 Euseb.
495 3057 597 3142 Praep.
610 3057 735 3144 Evang.
749 3057 793 3123 V.
807 3078 843 3144 p.
856 3076 931 3144 234.
946 3057 989 3138 A,
1001 3058 1041 3122 Β.
1063 3058 1137 3124 Nea

92 3170 202 3222 tamen
219 3157 321 3221 κίλκον
335 3157 465 3243 penitus
479 3157 648 3245 repudiare
661 3159 771 3226 ausim.

134 3277 210 3346 357.
225 3260 269 3325 A.
288 3260 598 3348 πνεύματι-’δαιμονίῳ
612 3261 714 3349 φήμης]
737 3259 947 3349 divinosomae
959 3274 1061 3341 vento,
1076 3283 1138 3343 cus

86 3362 230 3452 jusmodi
252 3361 503 3452 intelligendum
532 3386 573 3430 ex
601 3364 735 3430 numine
752 3362 865 3452 fama,
886 3364 1026 3432 diximus
1049 3366 1137 3433 Bibl.

95 3465 178 3532 crit.
194 3462 272 3533 Vol.
288 3468 352 3533 111.
370 3469 454 3533 Part.
472 3468 500 3531 Ι.
518 3488 551 3554 p.
561 3467 617 3553 58.
1232 3533 1238 3553 .

135 3587 155 3652 3
158 3583 214 3652 57.
228 3571 273 3634 A.
295 3567 452 3633 καθίσασαν
471 3571 514 3633 inl
535 3569 629 3657 κρήνης
645 3573 797 3658 τακτικὴν]
825 3570 907 3636 Haec
921 3584 956 3635 et
969 3569 1137 3656 sequentia
1177 3575 1178 3580 '

95 3669 284 3735 translerunt
303 3668 336 3733 in
353 3667 501 3736 Graecam
517 3671 661 3737 fabulam
674 3670 716 3737 de
732 3672 859 3738 Cereris
874 3671 1136 3758 filiamquaeren·

94 3770 137 3837 tia
158 3770 298 3836 adventu
322 3770 354 3834 in
377 3771 522 3837 Atticam
540 3773 582 3839 ad
605 3773 754 3853 CeIeum,
773 3773 904 3863 ejusque
919 3772 1056 3838 filiarum
1077 3795 1136 3842 oc,-

95 3872 189 3939 cursu
202 3871 243 3938 ad
257 3871 396 3952 sontem,
411 3887 445 3938 et
460 3873 638 3941 nutritione
653 3875 728 3940 filiii
746 3874 788 3942 de
803 3898 868 3963 quo
881 3877 925 3942 est
940 3871 1138 3955 Homericae

95 3977 252 4064 Hymnus
264 3974 296 4040 in
313 3975 466 4042 Cererem
481 3977 557 4043 vers.
574 3978 628 4064 98,
644 3978 709 4065 seq.
801 3971 808 3985 '

138 4099 216 4168 357.
236 4080 275 4144 B.
301 4079 392 4164 ίμιρνν
416 4081 557 4166 inorruit]
590 4079 793 4153 Subaudiam·
811 4085 891 4168 αὐτῇ,
914 4095 951 4148 ut
974 4081 1136 4168 Reilkiuaz

97 4205 158 4249 nec
173 4204 360 4270 proeponam
374 4188 422 4262 εἰς,
441 4199 478 4249 ut
492 4182 672 4271 Salmasius.

138 4306 158 4372 3
159 4301 215 4371 57.
229 4282 269 4351 Β.
290 4292 340 4350 τοῦ
352 4284 459 4351 παιδίου
472 4290 521 4365 τὴν
535 4285 658 4380 virleu]
679 4285 871 4352 Monuimua
890 4291 940 4368 τήν
954 4301 1013 4355 aut
1025 4288 1138 4355 delen·
