2714 4770
162 301 164 307 ’
238 314 301 379 4ου
365 297 1041 362 ·n.w.·nN1MA1›v‚1NP1.UTch}11
1060 297 1168 361 um..

239 485 312 527 vcra
330 459 427 527 lectio
447 457 596 546 emergit,
614 480 688 546 que
711 457 834 525 Reilkio
851 457 953 548 *etium
969 456 1003 524 in
1017 470 1168 524 mentem
1184 454 1290 536 venit,

237 562 389 643 ίνποίητος,
409 584 545 649 eamque
563 563 596 626 ln
618 561 755 628 verfioue
777 563 991 648 expressimus.
1034 563 1166 630 Vocem
1188 553 1299 626 ‹loffe‘

178 741 189 763 .
237 665 400 732 illustravit
414 664 486 731 Cel.
502 663 735 731 Valckenarius
747 663 789 729 ad
803 665 960 730 Ammon.
975 685 1009 751 p.
1023 682 1078 749 27.

139 765 142 768 ’
278 771 354 853 562.
372 771 408 834 F.
429 768 496 854 Νὲορ
517 769 571 854 δί]
597 766 676 833 Ald.
697 766 767 833 Bas.
786 768 881 833 Harl.
899 766 969 853 νόσῳ
988 767 1027 854 δὲ.
1065 767 1120 831 An
1136 765 1288 831 fortele·

234 870 380 958 gendum
393 870 493 955 τέκνῳ,
506 869 555 935 vel
568 874 628 955 υίῷ.

278 976 355 1058 562.
371 975 407 1038 F.
430 973 503 1036 Οὐδὲ
515 981 571 1036 τῶν
588 981 707 1060 πονηρῶν
720 973 830 1047 Φυλεὺς
843 972 875 1036 δι’
890 972 1128 1058 Αὐγόαν-ὃίκας
1148 971 1283 1057 Ilum]

236 1075 379 1144 Reissrius
400 1098 458 1162 pro
475 1083 600 1162 πονηρῶνΙ
612 1074 745 1161 corrigit
761 1075 853 1140 πάλαι
871 1075 978 1165 ἡρώων,
989 1075 1077 1163 quod
1093 1075 1202 1163 specie
1217 1099 1284 1142 non

234 1192 333 1244 caret.
378 1177 432 1243 Sic
454 1176 639 1243 Demetrius
662 1176 774 1251 Schol.
795 1179 900 1265 Orph.
924 1177 1039 1264 Lepid.
1063 1198 1098 1264 p.
1119 1196 1197 1263 292.
1221 1179 1285 1254 τοὺς

233 1282 325 1345 πάλαι
340 1289 393 1345 τῶν
408 1278 509 1368 ἡρώων.
542 1278 739 1345 Ruhnkenic
748 1301 823 1344 vero
834 1279 979 1345 tollenda
989 1278 1199 1345 videturhaec
1211 1303 1283 1361 vox,

234 1394 391 1469 tanquam
412 1404 452 1448 ex
472 1380 677 1447 antecedenti
694 1387 743 1459 τῆς
761 1382 888 1468 πονηρίας
903 1381 1175 1470 orte-Phyleus
1188 1404 1209 1446 a
1223 1404 1282 1470 pc·

95 1493 104 1535 '1
233 1495 283 1548 tre
297 1483 408 1571 Augiu
420 1483 543 1572 ejefius
560 1482 752 1549 Dulichium
762 1485 934 1567 *conceffiu
980 1483 1206 1577 Callimachus
1227 1505 1295 1570 ap..

233 1584 344 1651 Schol.
376 1587 513 1652 Homer.
541 1585 624 1651 inter
648 1585 766 1674 fragm.
797 1587 934 1653 Bentlei.
962 1608 995 1676 p.
1017 1606 1094 1669 422.
1131 1590 1282 1671 Ἡρακλῆς

231 1690 438 1775 προστάξαντος
459 1687 619 1776 Εόρυσθίοος
635 1690 780 1777 ἀνεκάθηρε
794 1693 843 1767 τὴν
858 1689 970 1774 Αθγόου
984 1689 1092 1777 κόπρον·
1116 1694 1281 1756 ἀπαιτοῦντι

94 1807 104 1820 ’
141 1822 145 1828 ·
232 1792 261 1855 δὲ
283 1796 360 1878 αὐτῷ
379 1795 426 1857 τὸν
443 1795 554 1876 μισθόν
557 1797 607 1857 οὒκ
624 1791 762 1881 ἄποθίδου,
782 1792 874 1880 λόγον
893 1797 924 1872 if
937 1791 1281 1878 ίπιταγῆςαότόνπνπον·

196 1960 200 1965 ,
233 1893 336 1971 ηκόναι·
358 1895 508 1968 Φυλνυςδὶ
522 1894 645 1960 ίποότου
659 1897 725 1968 παῖς
739 1897 830 1982 κριτης
843 1894 985 1980 γινόρανος
999 1895 1207 2020 κροτίκρννιπον
1220 1920 1279 1958 πα·

232 1995 313 2083 πόροι.
345 1998 385 2060 Ο
403 1996 431 2061 li
449 1997 654 2120 ἇγανακτῇσας
672 1996 853 2076 ίξόβοιλνν’
817 1999 902 2062 αυτὸν
916 2023 964 2074 της
974 2023 1087 2086 χωρας
1130 1999 1280 2121 Ἡρακλης

177 2100 223 2164 88
233 2097 286 2160 δὲ’
276 2097 560 2184 οπνστραπιυσόμινος
567 2077 659 2161 Ἦλιν
674 2097 801 2186 θπόρθησε
801 2099 875 2178 ,καί
889 2099 1190 2183 μιταπνμψόεμινος“
1160 2123 1209 2163 πον
1222 2101 1280 2162 Φυ-

232 2199 287 2263 λέα
300 2202 332 2262 lx
347 2198 504 2285 Δουλιχίου
517 2225 596 2286 παρα
596 2199 737 2264 θ’ίδανσν
703 2207 780 2286 αυτῷ
793 2204 842 2280 τὴν
855 2201 1015 2276 βασιλείαν.
1059 2201 1158 2268 Adde
1168 2201 1278 2289 Apol·

231 2299 381 2366 ludorum
403 2300 477 2365 Lib.
502 2302 529 2365 I.
551 2321 585 2386 p.
604 2303 678 2366 106.
699 2315 733 2367 et
753 2303 939 2370 Pausaniam
960 2303 1062 2370 Eliac.
1082 2306 1126 2370 V.
1143 2324 1175 2383 2,
1191 2324 1226 2391 3.
1246 2326 1279 2394 p.

232 2418 308 2490 377.
323 2415 358 2468 et
367 2421 446 2487 379.
475 2396 714 2468 sucraticorum
729 2404 902 2490 Epistulam
919 2407 1081 2473 XXVIII.
1101 2429 1138 2495 p.
1151 2410 1207 2472 61.
1222 2407 1278 2473 ubi

231 2505 340 2571 vitiose
355 2506 462 2581 Δυλεὺς
477 2505 795 2573 scribitur.-Nestor
813 2508 903 2595 quod
921 2532 995 2576 cum
1013 2524 1105 2596 patre
1120 2523 1154 2576 et
1169 2509 1278 2576 fratri·

230 2608 293 2674 buc
315 2613 380 2674 uon
403 2607 436 2673 in
457 2608 580 2674 furtum
600 2609 701 2674 boum
725 2611 876 2676 Herculis
896 2613 1105 2692 consensisset,
1129 2612 1217 2679 solue
1237 2615 1276 2678 ab

232 2711 375 2777 Hercule
394 2712 533 2777 servatus
546 2725 581 2777 et
595 2712 701 2799 patrio
715 2735 817 2800 regno
832 2712 976 2781 don-atus?
991 2716 1065 2795 fuit,
1081 2729 1121 2781 ut
1138 2739 1178 2782 ex
1200 2715 1277 2782 Phi·

173 2853 175 2857 <
231 2814 348 2879 lustrati
364 2813 495 2879 Heroic.
514 2837 547 2901 p.
563 2817 638 2901 696.
653 2828 754 2901 patet.
792 2816 979 2904 Antigonus
994 2817 1191 2907 fignificatur
1206 2821 1276 2885 Go-

231 2932 318 2996 nata,
346 2903 504 2982 Demetrii
531 2916 718 2983 Poliorcetae
740 2917 843 2998 filius3
874 2919 961 3006 quod
983 2920 1023 2988 ad
1046 2921 1081 2986 h.
1104 2921 1129 2986 I.
1152 2922 1277 2987 notavit

232 3019 385 3086 Reissrius.

273 3144 307 3208 p.
321 3125 398 3208 563.
416 3123 457 3187 A.
479 3124 520 3185 ‘H
541 3120 600 3198 δόκη
623 3121 761 3188 διώκουσα
781 3127 829 3203 τὴν
851 3122 999 3206 ὁμοιότητα
1015 3131 1064 3202 τῆς
1082 3127 1187 3202 κακίας
1201 3130 1274 3205 litf-

230 3223 319 3308 ἤλθα]
345 3224 478 3299 Διεξῆλίν
503 3222 557 3287 etsi
583 3221 711 3289 tolerari
733 3225 817 3310 posse
842 3223 998 3306 videatur,
1018 3240 1056 3292 ut
1076 3250 1106 3292 v.
1126 3249 1157 3293 c.
1181 3228 1273 3294 fimili

230 3328 319 3392 sensu
340 3324 431 3391 Plato
450 3328 530 3412 Leg.
550 3328 589 3391 L.
610 3326 669 3392 IV.
691 3349 723 3414 p.
740 3329 815 3392 600.
838 3331 873 3393 F.
897 3334 910 3392 θ
933 3330 1133 3406 θεὸς-’νόθνίαν
1154 3334 1274 3421 περαίνοι

93 3418 101 3437 ⁸
229 3435 306 3496 κατὰ
325 3430 405 3510 φύσιν
423 3429 667 3515 περιπορευόμενος,
689 3434 730 3516 τῷ
752 3433 773 3492 δ’
793 3430 887 3496 ’ἕπεται
908 3431 987 3510 δίκην
1012 3433 1144 3499 mallem
1162 3449 1272 3501 tamen

229 3558 304 3602 cum
328 3532 398 3600 Cel.
418 3532 543 3598 Relssrio
566 3536 705 3612 θτεΕῆλθε,
725 3533 792 3598 ulta
817 3533 867 3618 est,
888 3535 1014 3623 punivit
1021 3562 1035 3613 ,⁰
1059 3537 1100 3602 de
1123 3562 1188 3626 qua
1211 3541 1273 3629 fig·

228 3637 411 3703 nificatione
427 3634 497 3700 vide
511 3637 550 3700 T.
569 3633 787 3700 Hemllerhus.
802 3635 844 3700 ad
858 3635 923 3700 Th.
939 3639 990 3701 M.
1007 3659 1041 3724 p.
1054 3656 1132 3727 337,
1169 3641 1273 3706 Resti.

228 3737 350 3804 tuenda
363 3738 406 3802 est
421 3737 476 3803 ista
491 3759 551 3801 vox
565 3736 718 3801 Musonio
735 3760 788 3824 up.
808 3730 902 3803 Stcb.
918 3740 953 3803 S.
971 3740 1048 3804 XX.
1071 3763 1104 3827 p.
1125 3758 1200 3825 170.
1223 3744 1271 3805 καί

118 3882 123 3890 -
226 3840 331 3916 ἄλλους
352 3842 379 3904 Ii
401 3841 536 3914 παλαιοὺς
554 3837 651 3924 ἄνδρας
673 3837 764 3923 ἔχοιμ’
786 3837 821 3902 ἂν
841 3839 946 3924 λέγειν,
961 3841 1135 3926 πειραθέντας
1155 3841 1271 3930 ὕβρεως,

226 3947 288 4019 τοὺς
306 3945 357 4026 μὲν
376 3949 408 4006 ἐκ
426 3952 505 4007 τινῶν
525 3940 646 4029 γλώσσῃ
667 3940 922 4023 πλημμεληθέντας,
941 3944 1003 4016 τοὺς
1023 3944 1050 4006 δὲ
1065 3946 1179 4031 χερσίν,
1197 3944 1272 4009 ὥστε

227 4048 379 4121 αίκνσθῆναι
395 4047 426 4107 πθ
441 4054 535 4127 σῶμα·
561 4044 609 4107 καί
625 4042 685 4106 οὔτε
705 4042 905 4128 ἄλλοντρόπον
920 4044 1088 4124 ἐξελθόντας,
1104 4051 1185 4109 ἄλλα
1199 4049 1271 4113 πάνυ

181 4222 185 4229 ,
225 4147 317 4235 πράους
336 4145 495 4231 ἐνεγκόντας
513 4149 560 4223 τὴν
580 4144 699 4208 ἀδικίαν.
748 4144 874 4208 Etenim
891 4145 1067 4232 pleniorem
1083 4148 1269 4214 meliorem·

226 4271 289 4336 que
311 4248 481 4314 lectionem
497 4272 534 4314 ex
553 4250 619 4314 Par.
637 4249 679 4313 A.
695 4247 835 4313 enotavit
851 4248 984 4314 Grotius
996 4252 1081 4315 2-ri
1099 4259 1198 4333 σῶμα,
1220 4254 1270 4317 καί
