2714 4770
146 446 152 453 .
262 373 342 432 ··1)u
363 366 472 432 rsmu
491 371 544 432 ΕΤ
564 370 740 432 osrmnu.
760 390 789 450 p.
804 370 872 446 ³⁶²·
888 371 923 440 Β.
938 373 990 430 0..
1089 389 1142 430 arr
1173 389 1178 407 ·

106 530 180 597 tro.
219 532 333 599 Altera
354 532 435 598 ratio
456 533 585 619 eliqua
606 545 708 619 corpus
726 539 810 613 σῶμα
828 529 957 595 ducitur
970 553 989 595 a
1002 537 1080 613 σῆμα
1089 529 1146 617 se·
1170 532 1173 537 ’

105 633 241 722 pulcrum
259 635 342 722 q‘uasi
362 635 499 700 animoe:
523 633 611 722 quod
627 646 845 698 commentum
861 633 937 698 item
957 633 1045 698 Plato
1060 631 1146 696 cele·

104 734 221 815 brevit,
238 736 372 825 Crutylo
386 757 420 823 p.
435 738 508 818 264.
525 736 565 815 C,
579 736 623 800 D.
655 735 777 820 Gorgia
791 753 866 818 300.
884 735 926 798 A.
963 731 1096 798 Phaedro
1111 753 1144 818 p.

109 837 243 922 34⁶·D·
358 875 362 882 ·

151 944 234 1028 362.
247 941 291 1006 Β.
313 946 385 1006 πᾶσι
412 943 496 1017 κοινὸς
517 944 533 1008 ὅ
552 940 694 1028 Σάραπις]
728 962 793 1006 non
815 939 962 1028 proprius
984 951 1145 1009 certorum

110 1040 280 1131 hominurn
299 1066 456 1132 generum
476 1046 581 1123 Deus,
596 1043 649 1109 sed
670 1045 820 1132 omnibus
838 1041 1033 1119 communie,
1050 1039 1147 1107 veluti

101 1142 186 1233 ᾍδης
208 1146 264 1234 qui
287 1146 366 1212 item
388 1150 472 1223 κοινὸς
493 1146 611 1211 dicitur
635 1171 664 1210 v.
684 1169 716 1230 c,
738 1144 883 1234 Euripidi
905 1144 1049 1231 Supplic.
1073 1160 1147 1228 797.

109 1247 196 1333 quod
218 1249 369 1335 equidem
392 1248 492 1315 nolim
514 1247 653 1314 adverbii
672 1248 765 1314 instar
778 1247 924 1334 accipere
937 1268 1012 1310 curn
1029 1244 1146 1311 Mark-

108 1347 218 1414 lando.

150 1453 225 1537 362.
241 1453 280 1517 Β.
302 1453 436 1541 Φρυγίοις
456 1453 637 1542 γράμμασιν]
664 1455 808 1519 Deorum
830 1453 979 1532 Historia,
1000 1472 1057 1538 per
1075 1451 1146 1516 cul·

108 1564 181 1618 tum
199 1555 280 1620 Deae
295 1555 443 1646 Phrygiae
458 1555 543 1620 inter
556 1557 688 1621 Graecoe
702 1572 737 1621 et
751 1559 913 1624 Romanos
923 1554 1073 1640 cognita3
1098 1555 1148 1618 Ita

104 1655 227 1744 ,Φςόγιιι
242 1656 323 1742 λόγοι
344 1670 541 1722 memoratur
556 1657 636 1723 iiber
649 1657 802 1745 Diagorae
819 1655 912 1722 Melii
933 1653 1019 1740 apud
1037 1654 1146 1720 Tatia-
1181 1653 1184 1657 ’

100 1779 188 1822 ‘num
204 1758 295 1824 Orat.
311 1758 352 1822 ad
367 1760 475 1824 Graec.
489 1781 522 1845 p.
537 1761 590 1845 96.
605 1758 685 1824 edit.
701 1758 835 1826 Worth.
851 1770 885 1823 et
900 1756 1031 1822 titulum
1046 1755 1148 1821 inter-

109 1872 254 1945 pretatur
266 1860 392 1927 Vosiius
407 1860 489 1925 Hist.
504 1862 563 1926 Gr.
579 1863 638 1928 IV.
656 1880 688 1928 2.
733 1864 781 1926 Ex
795 1859 909 1925 eodem
923 1880 1041 1946 genere
1055 1881 1148 1924 men-

108 1959 232 2026 tionem
257 1961 337 2026 facit
361 1960 550 2026 Plutarchus
571 1962 660 2045 pstor
679 1962 751 2026 πάνυ
771 1969 909 2040 παλαιῶν,
930 1959 974 2035 οὓς
995 1967 1019 2025 oi
1039 1961 1150 2048 Φςῦγις

106 2088 142 2126 τι
153 2063 220 2147 'npi
233 2061 598 2148 Ἄττεω-παραλαβόντες
616 2063 777 2148 ηγῖιπησην.
822 2063 907 2127 Cum
936 2061 987 2126 his
1013 2059 1152 2146 Phygiis

51 2216 54 2223 .
109 2163 194 2229 libris
219 2166 309 2231 haud
332 2165 396 2231 scio
412 2188 452 2231 an
468 2165 641 2253 conjuncia
654 2180 687 2232 et
702 2179 841 2255 cognata
856 2170 895 2230 τὰ
911 2165 1033 2250 Ἐφέσια
1052 2165 1150 2252 ypip-

111 2292 206 2349 ματα,
221 2267 262 2333 de
278 2266 395 2355 quibus
417 2266 553 2331 vidimus
568 2265 661 2354 supra
675 2288 708 2354 p.
723 2269 775 2352 85.
786 2265 828 2332 B.
864 2268 962 2333 Certe
982 2254 1078 2354 plane
1099 2265 1149 2332 di-

111 2369 186 2434 versi
202 2369 276 2434 sunt
289 2368 473 2457 argumenti
487 2369 605 2455 Φρύγια
621 2369 702 2454 λόγοι
718 2369 839 2456 AEsopi.
1204 2446 1208 2457 ι

152 2473 228 2559 363.
244 2473 283 2552 Β,
299 2473 339 2538 C.
362 2472 734 2559 Φιλάρχου-Φιλάρχου]
760 2471 940 2538 Philarcbrc
953 2471 1064 2559 paucis
1080 2472 1151 2538 scn‘-
1236 2527 1241 2545 ,

109 2588 184 2662 ptor
193 2588 408 2653 memoratur,
423 2589 457 2640 at
469 2574 653 2661 Phylarchus
668 2573 814 2662 plurimis
826 2575 973 2663 proditur
984 2592 1019 2641 et
1032 2577 1152 2642 Plutar-

111 2677 175 2742 cho
197 2676 309 2741 multie
332 2676 429 2740 iocis:
458 2690 492 2741 et
512 2675 575 2742 hoc
599 2699 718 2742 nomen
740 2678 821 2763 saepe
842 2700 917 2743 curn
941 2679 996 2743 illo
1019 2701 1150 2767 permu-

111 2791 217 2844 tatum
239 2779 415 2864 reperitur:
440 2800 544 2865 neque
566 2779 698 2843 firmiter
717 2779 930 2860 statuendum,
949 2794 1006 2846 aut
1025 2780 1152 2848 nullum
1260 2834 1262 2841 ,

111 2881 299 2968 scriptorem
319 2879 514 2945 Philarcbum
535 2880 635 2960 fuisse,
656 2883 815 2973 anthane
835 2881 1020 2969 scripturam
1041 2883 1074 2949 in
1091 2884 1153 2950 hu·

106 2982 164 3071 jue
186 2982 338 3048 celebrati
360 2983 519 3070 scriptoris
534 2984 666 3050 nomine
679 2984 789 3050 falsam
804 2985 883 3051 esse:
907 2999 994 3051 certe
1009 2985 1097 3052 nulla
1110 2989 1153 3053 est

112 3085 195 3151 ratio
209 3083 409 3171 Phylarcbunt
424 3085 590 3151 contextui
606 3086 755 3152 invehere
768 3087 825 3151 ubi
839 3099 952 3152 omncs
970 3087 1099 3153 codices
1120 3089 1153 3156 in
1276 3085 1278 3122 ²

113 3187 273 3255 Philarcbo
294 3187 510 3255 consentiunt.
557 3190 670 3276 ltaque
690 3202 724 3255 et
743 3211 802 3254 nos
822 3189 886 3255 hoc
906 3190 1105 3256 retinuimus
1118 3214 1152 3280 p.
1200 3247 1202 3253 .

111 3307 186 3378 345.
201 3292 244 3357 E.
256 3306 290 3358 et
305 3292 483 3382 Xylander,
504 3313 699 3379 quamquam
714 3292 747 3358 in
760 3292 877 3358 Latina
888 3291 1153 3381 interpretatione
1235 3296 1248 3320 ‘

111 3394 249 3461 alterurn
263 3396 381 3484 posuit.
415 3396 469 3461 De
482 3393 550 3482 ipso
564 3395 717 3483 scriptore
732 3394 913 3460 notavimus
927 3395 1015 3482 quod
1028 3395 1070 3462 ad
1085 3404 1153 3462 rein

114 3497 288 3586 pertineret
301 3521 334 3586 p.
345 3517 421 3585 342.
437 3499 483 3565 D.
523 3497 712 3564 Plutarchus
726 3519 801 3563 eum
817 3498 880 3564 hoc
894 3496 968 3562 loco
982 3499 1155 3584 reprehen-

64 3667 66 3673 ,
113 3598 175 3679 dit,
190 3601 279 3686 quod
291 3601 421 3687 Σάραπιν
435 3623 473 3668 ex
488 3600 612 3667 Graeeie
626 3600 757 3668 vocibus
771 3599 876 3689 σαίρειν
889 3613 922 3665 et
936 3599 1153 3690 rivjunsium

113 3702 291 3790 perhibuit.
1190 3783 1193 3788 ῃ

91 3801 95 3813 ’
155 3805 232 3890 362.
248 3804 289 3868 C.
312 3807 563 3885 Χαλκᾶς-πῦλης
577 3807 664 3884 Λήθης
679 3807 727 3870 nal
741 3806 890 3890 Κωκυτοῦ]
916 3806 984 3869 Has
998 3817 1156 3871 memorat

113 3904 281 3972 Diodorus
297 3907 361 3971 Sic.
379 3909 406 3972 Ι.
422 3910 482 3994 96:
500 3908 567 3973 clm
583 3911 610 3972 δί
625 3910 741 3994 λέγουσι
754 3908 871 3986 πλησίον
882 3915 937 3971 τῶν
954 3906 1044 3970 τόπων
1052 3905 1156 3974 ratim
1220 3952 1224 3963 ·

29 4064 35 4081 ,
112 4010 162 4074 nai
181 4010 297 4086 σκοτίας
309 4011 437 4089 Ἑκάτης
456 4015 532 4100 ἱερὸν,
547 4014 595 4077 καὶ
609 4013 701 4088 πύλας
715 4018 850 4077 Κωκυτοῦ
865 4011 915 4075 καὶ
926 4011 1014 4090 Λήθης
1032 4013 1156 4096 imm-

112 4112 196 4194 μένας
205 4113 344 4200 χαλκίοις
359 4118 483 4199 ὀχεῦσιν.
529 4114 616 4179 Hinc
631 4114 664 4179 in
682 4116 812 4180 Graecae
826 4125 996 4178 manarunt
1012 4112 1154 4179 fabulas:

114 4215 327 4281 Homericum
344 4216 436 4281 iliad.
452 4221 495 4281 Θ.
511 4232 571 4303 15:
589 4217 677 4282 Ἔνθα
699 4216 832 4306 σιδῆηιιαί
852 4242 883 4280 τι
901 4215 987 4280 πύλαι
1006 4216 1054 4282 ml
1069 4214 1155 4303 χᾶλ·

111 4339 171 4390 κως
192 4316 276 4391 οὐδός.
321 4317 449 4408 Virgilii
473 4317 636 4396 AEn.·V1·.
658 4335 741 4403 552:
768 4309 859 4382 Perta
884 4318 1013 4406 adversa
1040 4317 1157 4407 ingens,

612 4440 630 4486 Ρ
647 4439 666 4487 2
1206 4437 1213 4463 '¹
