2714 4770
171 341 175 349 '
233 346 295 415 ‘Du
314 342 613 406 SERA'NUMINIS
636 343 839 407 lechu
862 362 890 422 p.
906 342 975 419 548.
989 341 1026 402 B.
1098 356 1158 440 309

16 555 22 568 .
115 524 190 591 992.
242 504 333 572 Quin
362 505 512 571 Latinum
541 505 637 569 dicere
668 503 711 568 est
743 505 895 575 Graecum
924 501 1018 581 δίκειν,
1038 501 1155 589 jacere.

111 609 285 675 ‘Hactenus
301 608 341 674 de
355 606 496 695 eleganti
510 607 568 671 usu
582 604 670 671 verbi
682 606 814 686 βάλλιιν.
858 596 1015 692 Sequitur
1025 627 1156 692 prover·

114 709 204 774 bium
228 709 311 800 paris
332 709 381 776 vel
400 710 506 775 dicem
518 699 736 796 'exquifitioris
754 708 935 788 venustatis,
956 697 1090 772 Βαλόντα
1105 710 1154 772 is·

114 811 242 896 φείγιινς
265 811 352 899 quod
371 810 411 876 de
430 811 469 876 iis
488 810 619 889 dicitur,
635 810 691 896 qui
711 810 769 876 five
791 808 938 899 conjecto
959 810 992 873 in
1014 797 1155 896 aliquem

114 911 180 976 telo
208 912 393 1001 aufugiunt,
421 912 480 978 five
505 910 664 999 congestis
689 910 836 977 convitiis
860 933 934 976 eum
958 910 1154 998 relinquunt.
1210 955 1212 959 -

36 1018 39 1022 ’
115 1014 189 1079 Ηοο
212 1015 335 1080 notavit
357 1012 472 1079 Suides
492 1017 532 1080 T.
553 1016 581 1078 1.
605 1037 637 1100 p.
656 1035 732 1096 414.
759 1025 792 1078 et
816 1013 963 1077 Erasmm
987 1012 1096 1099 Adeg.
1120 1034 1153 1099 p·

116 1135 226 1182 1210.·
244 1116 454 1204 Eandemque
470 1116 628 1203 proverbii
643 1116 809 1182 notionem
822 1115 927 1196 variis,
938 1137 1005 1180 uno
1019 1114 1153 1180 codem·
1253 1128 1264 1141 ·

112 1240 177 1304 que
193 1217 277 1298 loco,
290 1218 446 1307 exemplis
468 1218 672 1284 immutatam
687 1219 832 1306 e'xpreffit
847 1216 1037 1291 Plutarchus
1050 1216 1153 1282 Discr.

112 1322 191 1386 Am.
212 1334 246 1387 et
263 1306 363 1387 Adui.
382 1344 414 1408 p.
431 1338 485 1407 74.
505 1323 551 1387 D.
571 1321 626 1408 qui
640 1320 745 1399 locus,
761 1320 837 1387 licet
852 1319 1087 1408 longiusculus,
1104 1317 1155 1391 vel
1238 1350 1241 1357 ·

111 1423 187 1489 ideo
206 1423 431 1490 adscribendus
451 1424 588 1505 videtur,
605 1425 858 1510 utcognoscere
880 1423 983 1510 possse,
999 1445 1096 1509 quam
1117 1421 1155 1487 tit

110 1525 165 1590 ille
185 1526 219 1591 iu
240 1527 462 1614 excogitandis
481 1540 516 1593 et
532 1528 755 1612 coacervandis
778 1528 1071 1615 comparationibus
1086 1526 1152 1592 ele·

109 1624 241 1716 ganset
253 1630 420 1716 copiosus:
441 1631 523 1693 Ἐπεὶ
540 1629 639 1709 τοίνυν,
658 1627 750 1718 οῖίσπερ
770 1631 885 1718 εἴρηται,
900 1632 1038 1706 πολλάκις
1053 1637 1067 1703 ἡ
1081 1636 1154 1718 παρ-

108 1730 192 1816 ρησία
205 1738 246 1817 τῷ
264 1732 464 1818 θεραπευομόνομ
478 1737 587 1820 λυπηροὶ
600 1733 733 1818 ὑπάρχει,
749 1734 789 1796 δεῖ
800 1735 944 1815 μιμεῖσθαι
959 1734 1020 1807 τοῦς
1034 1731 1150 1819 impetis.

111 1832 172 1896 οῦτε
187 1838 246 1919 γὰρ
260 1836 353 1898 ῦκεῖνοι
366 1833 508 1917 τόμνοετες
522 1839 549 1900 ἐν
562 1840 602 1921 τῷ
615 1840 701 1901 πονεῖν
719 1837 767 1899 καί
787 1839 887 1920 ἀλγεῖν
902 1834 1105 1900 καταλείπουσι
1118 1835 1151 1899 τδ

109 1937 248 2016 πεπυνθδς,
272 1939 339 2001 ἀλλ’
360 1936 503 2022 ῦνόβρεξαν
527 1945 665 2024 προσηνῶς
687 1939 734 2002 καὶ
759 1937 939 2027 κατηόνησαν·
963 1936 1024 2001 οῦτε
1045 1943 1069 2000 οί
1089 1960 1151 2000 νου-

110 2041 242 2114 θετοῦντες
263 2038 392 2118 ἀστείας,
414 2040 445 2111 ri
467 2040 562 2123 πιιιρδν
580 2042 627 2103 καί
647 2039 771 2117 δηκτικόν
791 2029 1015 2126 προσβάλλοντες
1030 2037 1150 2126 ἀποτρό-

108 2165 223 2224 χουσιν,
239 2141 306 2204 ἀλλ’
322 2139 441 2223 ὁμιλίαις
456 2140 560 2222 θτίραις
574 2142 622 2228 οιαὶ
637 2140 731 2225 λόγοις
745 2140 889 2206 ἐπιεικέσιν
909 2138 1087 2228 ῦκπραῦνουσι
1101 2141 1150 2204 καί

110 2244 266 2329 διαχέουσι,
289 2241 381 2331 ὥσπερ
406 2250 430 2307 οί
455 2244 569 2335 λιθοξόοι
592 2248 630 2308 τοὶ
652 2244 798 2330 πληγέντα
821 2245 869 2308 καί
894 2242 1075 2331 περικοπέντα
1095 2250 1151 2307 τῶν

106 2346 287 2429 ἀγαλμάταν
301 2345 496 2421 ἐπιλεαίνοντες
513 2346 562 2410 καί
580 2352 735 2431 γανοῦντες·
759 2348 815 2410 st}
827 2347 945 2431 πληγείς
958 2346 1009 2428 μῖν
1027 2373 1059 2432 τη
1075 2352 1149 2431 παρ·

107 2447 189 2535 ῥησία
211 2449 258 2511 καί
276 2450 448 2535 χαραχθεὶς,
467 2449 571 2532 ἀφεθείς
589 2450 617 2512 δὲ
635 2450 744 2535 τραχὺς
767 2450 814 2513 καί
834 2453 909 2513 οίδυῖν
931 2452 979 2514 καῖ
1001 2447 1151 2532 ἀνώμαλος

106 2551 150 2611 ῦπ’
170 2554 264 2637 ἀργῆς,
283 2552 488 2629 δυσανάκλητος
501 2551 576 2626 αῦθίς
592 2555 651 2614 ἔστι
667 2553 715 2616 καί
730 2551 982 2639 δυσπαρηγόρητος.
1026 2553 1079 2614 Διῦ
1101 2552 1150 2613 καί

106 2655 187 2712 τοῦτο
215 2654 254 2713 δεῖ
277 2652 425 2732 φυλάττειν
450 2654 477 2714 ἐν
500 2655 557 2726 τοῖς
581 2652 713 2733 μάλιστα
736 2653 798 2726 τοὺς
823 2653 1008 2725 νουθετοῦντας
1037 2652 1085 2714 καί
1111 2655 1150 2733 μὴ

108 2751 317 2838 προαπολείπειν
344 2753 397 2835 (fic
421 2752 507 2817 enim
532 2752 662 2840 legend.
688 2775 747 2841 pro
769 2758 906 2839 προσαπ.)
931 2755 997 2836 μηδὲ
1018 2755 1150 2816 ποιεῖσθαι

108 2852 193 2940 πέρας
217 2858 266 2930 τῆς
291 2854 402 2935 θμιλίας
429 2855 476 2917 καί
500 2855 644 2930 συνουσίας
668 2857 699 2918 ri
726 2864 826 2920 λυποῦν
853 2856 900 2918 καί
922 2855 1069 2937 παροξῦνον
1088 2856 1151 2931 τοῦς

108 2955 237 3034 συνήθεις.
283 2955 347 3021 Sed
368 2955 454 3021 idem
477 2958 681 3044 proverbium
696 2957 842 3043 pluribus
856 2955 937 3023 locis
951 2957 1036 3021 vario
1051 2959 1151 3025 modo

107 3056 321 3144 frequentavit
331 3058 494 3123 et'illustre
507 3058 645 3124 reddidit
654 3058 858 3147 ingeniorum
871 3059 1031 3145 princeps,
1047 3052 1148 3125 Plato.

109 3163 157 3225 Ex
178 3151 243 3247 qu'o
262 3162 396 3247 perenni
416 3161 649 3250 elegantiarum
672 3163 762 3228 fonte
784 3184 859 3228 cum
881 3175 917 3228 et
935 3161 1023 3227 hunc
1041 3162 1150 3233 locum

109 3262 196 3327 velut
218 3262 357 3329 rivulum
378 3263 528 3329 derivarit
551 3263 752 3342 Plutarchus,
772 3263 900 3330 uberius
923 3263 1049 3329 dehoc
1071 3286 1148 3350 prc-

109 3365 218 3432 verbio
243 3367 470 3453 exponendum
494 3366 631 3431 videtur.
677 3366 827 3433 Imitatus
852 3365 955 3454 igitur
980 3366 1024 3430 est
1047 3361 1150 3432 noster

109 3469 273 3535 Platonem
298 3471 445 3558 Sympos.
469 3491 502 3556 p.
523 3489 599 3555 322.
620 3472 664 3535 A.
689 3469 808 3561 ἰΒοιλάν
829 3495 877 3553 γε,
898 3466 922 3532 ιδ
942 3469 1149 3555 Ἀριοτίρανες,

107 3571 155 3635 οίει
177 3576 372 3654 ἑκφιιίξεσθαις
395 3595 462 3660 quo
481 3573 614 3658 respexit
628 3573 726 3640 etiam
741 3570 894 3637 Aristides
908 3572 947 3635 T.
964 3573 1008 3635 11.
1026 3593 1059 3657 p.
1075 3588 1148 3657 115.
1272 3633 1275 3640 .

108 3676 157 3738 καί
183 3676 228 3738 τδν
251 3675 377 3750 βαλόντα
396 3682 435 3758 μὴ
457 3679 508 3739 δεῖν
531 3676 683 3761 ὶκφεῦγειν.
726 3678 816 3740 Ante
841 3674 932 3739 ilium
958 3673 1019 3737 hac
1045 3675 1150 3738 forma

108 3777 182 3841 usus
198 3777 240 3840 est
256 3776 423 3863 Euripides
438 3776 555 3842 Alcest.
573 3778 615 3842 vs.
631 3780 706 3842 680.

230 3878 328 3963 Ἀγαν
341 3880 373 3961 μ’
387 3878 503 3964 ὑβρίζεις
515 3878 563 3943 καί
578 3880 683 3953 νεανίας
696 3878 796 3964 λόγους

233 3979 351 4044 Ῥίπτυιν
364 3983 390 4054 ἒς
404 3984 487 4062 ἡμεῖς,
502 3985 532 4043 οῦ
546 3980 644 4060 βαλυδν
658 3979 741 4056 οῦτας
754 3979 830 4045 ἀπει.

108 4084 185 4152 Duo
205 4083 278 4149 sunt
296 4096 451 4170 praeterea
469 4081 533 4148 loci
554 4082 708 4162 Platonis.
723 4083 778 4169 qui
796 4105 836 4149 ex
849 4081 963 4148 eodem
978 4081 1179 4172 proverbi07

351 4296 357 4330 ¹
373 4298 438 4347 Hinc
450 4298 475 4346 iu
487 4296 613 4369 Prcverbis
622 4297 705 4346 retulit
714 4297 807 4367 Ζοοοῦ.
819 4297 851 4374 li.
864 4284 904 4354 τι.

596 4396 619 4441 X
636 4395 656 4462 3
839 4399 843 4405 '
