2714 4770
287 384 343 444 ou
363 383 472 445 1s1ou
493 384 545 445 nr
566 384 742 445 osuumr.
763 404 793 465 p.
808 400 877 463 ³51·
892 367 928 444 ns.
965 371 966 375 '
991 437 999 450 ,
1074 386 1127 464 1⁶5

84 541 161 608 sunt
173 541 246 632 ejus
259 544 415 633 propria:
431 543 486 610 sed
498 544 619 611 harum¹
629 544 699 611 alite
714 545 787 611 sunt
801 558 944 626 externae,
959 543 1131 632 mancipia,

87 645 300 731 possessionen,
312 669 425 713 omnes
440 660 530 714 extra
544 647 646 736 ipsum
663 670 726 729 rer,
737 647 808 714 aliea
822 649 897 715 sunt
909 650 1048 728 internae,
1060 646 1131 736 ejus

85 761 210 813 naturae
232 762 350 836 partes,
372 754 473 830 οἰκεῖοι,
497 750 596 817 veluti
617 750 777 840 cognitio,
800 752 953 832 scicntiae,
975 751 1045 817 aliae
1066 749 1130 815 vir·
1267 767 1270 773 ·

85 863 183 915 tuter.
228 851 333 938 Igitur
354 865 476 917 externo
496 853 590 919 nobis
608 853 675 934 dat,
694 853 797 918 δίδωσι·
821 853 948 922 interna
962 853 1129 920 nobiscum
1207 935 1208 938 Ἴ

85 952 319 1034 communicat,
333 954 504 1043 participes
525 978 637 1021 eorum
659 979 718 1022 nos
736 956 827 1037 facit,
843 957 1022 1038 μεταδίδωσι.
1057 958 1130 1042 Ap·

87 1055 186 1140 pofite
209 1055 301 1122 Philo
319 1057 397 1123 Jud.
416 1059 469 1124 De
488 1060 591 1124 Nom.
612 1061 755 1125 Permut.
775 1080 810 1146 p.
824 1042 925 1147 '1065
939 1059 993 1125 A:
1017 1057 1133 1123 ὁτοίιοο

86 1157 185 1244 κυρίως
198 1161 281 1234 διδοὺς
296 1165 394 1241 ίπιοῦν,
408 1161 473 1225 ίδιύν
485 1187 513 1225 rr
527 1161 635 1238 πύντιος
652 1168 750 1227 ἑαυτοῦ
768 1161 886 1227 δίδωσιν.
930 1163 983 1227 De
997 1161 1134 1226 Monar-

87 1260 162 1324 chia
176 1282 208 1348 p.
225 1262 299 1347 817.
315 1264 357 1328 A.
401 1263 464 1329 Dei
484 1263 704 1352 cognitionem
720 1263 879 1353 precanti,
894 1265 986 1330 Deua
1001 1263 1067 1350 ipse
1080 1285 1132 1328 rc·

88 1362 243 1449 spondet:
268 1364 429 1453 Χοιςίζομοιι
445 1366 473 1430 δί
492 1370 531 1430 τὰ
549 1371 636 1431 οἰκεῖοι
655 1373 695 1454 τῷ
713 1367 874 1454 ληψομίνφ·
899 1371 928 1431 ori
942 1371 1003 1455 γοίς
1017 1365 1071 1430 toa
1085 1389 1134 1449 μοι

87 1468 176 1531 δοῦναι
191 1465 281 1555 ῥᾴδιον
294 1469 342 1532 uei
357 1469 488 1557 οἰνίφύπφ
505 1472 603 1549 λοιβιῖν
622 1469 743 1534 iuuerit·
766 1467 822 1535 ύύοο
842 1467 932 1558 ύςύγοο
953 1473 993 1556 τῷ
1012 1467 1133 1556 χάριτος

87 1567 159 1655 ἀξίῳ
177 1571 273 1647 πάσας
293 1569 360 1646 irae
373 1570 407 1635 dr
421 1571 472 1649 οἰίς
483 1598 516 1636 πο
529 1569 547 1660 ᾗ
561 1573 691 1652 δέξασθαι
701 1572 839 1659 χύφιποος·
859 1572 942 1652 τὴνδ’
959 1574 1025 1655 ἐμὴν
1039 1569 1133 1635 uaed-

88 1673 173 1748 ληύιν
195 1676 250 1761 ούχ
272 1675 324 1738 οἰον
345 1674 483 1763 ἀνθρώπου
502 1676 580 1761 φύσις
598 1678 665 1740 ἀλλ’
685 1677 739 1740 οὐδ’
753 1680 767 1738 ὁ
782 1674 897 1758 σύμπας
917 1672 1025 1760 eriperis
1038 1696 1069 1736 rr
1084 1671 1133 1736 καί
1176 1736 1181 1747 ,

89 1772 194 1856 κόσμος
208 1777 350 1855 δονήσεται
367 1783 510 1866 χωρῆσαι.
553 1781 641 1865 Ergo
663 1793 697 1844 et
718 1775 958 1865 distinguuntur
979 1772 1132 1840 subinde:

88 1898 119 1938 v.
134 1897 165 1940 c.
181 1877 267 1964 apud
281 1879 492 1945 Plutarchum
508 1880 560 1945 De
574 1881 689 1944 Amor.
707 1877 808 1944 Prolis
826 1899 859 1964 p.
873 1896 950 1964 493.
968 1877 1017 1942 C:
1040 1873 1134 1960 ἄκρα·

87 2004 136 2042 τον
156 1983 215 2066 γὰρ
238 1984 265 2044 ἰν
286 1980 394 2057 ἰκείνοις
417 1985 486 2064 (τοῖς
511 1980 600 2065 ζώοις)
622 1987 638 2059 ἣ
660 1980 740 2064 φύσις
760 1981 809 2044 καί
836 1981 939 2066 &payle
960 1980 1009 2043 καί
1029 1978 1136 2041 οἱπλοιίν

89 2081 225 2162 pontem
238 2082 270 2147 ri
286 2081 360 2147 ἰίιον·
375 2088 403 2148 ἰν
416 2084 444 2148 δί
458 2081 713 2172 deoduinus-epis
726 2086 823 2148 πολλοὶ
834 2080 987 2168 μιγουμίνι]
1005 2079 1137 2166 lippara
1192 2120 1194 2123 -

90 2183 139 2246 καί
154 2183 258 2272 κςίσοις
271 2184 417 2266 ἰπιίίπους,
430 2185 542 2266 ποικίλη
555 2185 656 2274 γίγονο
670 2185 719 2250 uod
733 2183 799 2267 ἰδία,
808 2184 840 2248 τί
855 2185 883 2248 δί
898 2187 993 2248 οἰκεῖον
1007 2187 1038 2248 ori
1051 2182 1136 2262 πιτῆ-

89 2307 166 2371 puer·
190 2286 280 2374 prius
300 2286 365 2352 ἰδιον
386 2288 582 2354 Meziriacue
602 2300 710 2354 mutat
728 2287 762 2353 in
782 2291 891 2368 οἰκεῖον,
909 2286 1020 2366 credo,
1033 2299 1072 2351 ut
1086 2285 1135 2351 se·

90 2388 203 2474 quenti
226 2388 350 2455 suavis
371 2391 509 2459 constet:
533 2390 619 2458 haud
640 2405 762 2458 temere
776 2390 831 2456 ille
836 2416 848 2473 ς
871 2412 947 2457 nam
962 2388 1137 2478 utrobique

90 2489 203 2555 indoles
224 2492 429 2581 significatur,
450 2516 523 2581 qua
545 2494 589 2559 est
610 2493 715 2582 magis
735 2516 810 2560 cum
831 2507 947 2559 natura
963 2490 1137 2584 animantis

91 2592 266 2681 conjunila
281 2617 376 2682 quam
391 2597 423 2659 τὸ
436 2595 510 2659 ἰδιοι·
526 2607 562 2660 ct
573 2597 605 2660 τί
619 2599 714 2660 οἰκεῖον
727 2596 773 2661 est
785 2593 976 2661 communio
989 2590 1135 2681 generice

91 2707 125 2760 et
139 2696 296 2782 postrema
309 2697 350 2763 fic
363 2697 595 2779 reddenda,-r
618 2710 730 2764 notura
748 2698 872 2764 bominis
886 2695 976 2762 οσοίσ
990 2708 1019 2760 et
1023 2696 1136 2781 fingu-

92 2795 168 2860 loris
187 2797 318 2878 reddito,
334 2798 459 2862 indolem
466 2800 560 2886 suam
579 2798 858 2886 communionemque
868 2796 989 2885 generis
1002 2797 1137 2882 nonser·
1237 2860 1240 2866 .

92 2899 194 2963 vovit.
233 2900 286 2965 De
300 2899 401 2964 Adul.
416 2913 450 2965 et
462 2899 573 2966 Amic.
586 2923 621 2989 p.
632 2919 688 2989 53.
698 2902 748 2966 Ar
772 2900 873 2978 tuoe·
885 2903 944 2986 γοίρ
958 2899 1041 2962 aneti
1054 2900 1137 2961 οὐδα-

92 3006 147 3083 μοῦ
165 2999 291 3082 βέβαιον,
311 3002 365 3066 ὀὐδ’
382 2999 459 3083 ilem,
480 3003 533 3066 οὐδ’
555 3003 644 3090 οἰκείῳ
665 3003 746 3068 πάθοι
767 3008 910 3085 φιλοῦντα·
931 2997 1044 3064 videbit
1061 2997 1140 3063 enim

92 3104 277 3169 adulatorem
295 3105 440 3194 nusquam
449 3103 605 3190 stabilem,
621 3129 716 3195 neque
724 3105 832 3194 suum,
851 3126 944 3192 neque
953 3101 1071 3190 proprio
1086 3101 1139 3190 of·

82 3206 171 3295 fitted
183 3219 387 3273 amantem-.
424 3208 573 3296 Sympos.
589 3209 632 3274 V.
647 3229 681 3296 p.
697 3209 773 3276 682.
788 3206 830 3289 C,
846 3206 899 3272 D:
922 3206 1039 3292 repleret
1052 3209 1140 3270 οίκιῖα
1178 3275 1182 3283 ,
1239 3250 1242 3257 -

93 3315 169 3375 κοντοὶ
182 3314 230 3390 τὴν
239 3317 289 3376 τοῦ
303 3311 402 3386 eddone
413 3309 534 3390 ἰδιύπογια
548 3318 695 3376 κινοῦνται·
710 3311 755 3375 od
766 3311 914 3396 eorffuetns
926 3332 973 3374 rer
974 3309 1139 3395 senendum

93 3411 257 3499 effectionis
267 3414 475 3503 proprietatem
484 3425 654 3478 mouentur.-
676 3435 742 3500 quo
756 3412 830 3479 loco
845 3415 932 3478 οἰκιίιι
945 3406 1138 3501 intelligun-

94 3527 149 3578 tur
167 3513 391 3580 inclinationes
412 3527 448 3580 et
468 3512 686 3603 proclivitater
707 3514 825 3603 quibus
848 3513 1050 3580 consuetudo
1073 3513 1139 3577 vim

95 3628 219 3680 naturre
240 3615 398 3704 adjunxit.
437 3617 522 3684 ndv.
542 3617 676 3706 Epicur.
696 3639 729 3705 p.
747 3620 842 3705 1096.
858 3619 905 3683 E:
926 3615 1083 3681 ilion-eal
1097 3620 1139 3680 οἰ·
1315 3614 1318 3622 ’

95 3723 166 3783 κοῖον
186 3719 234 3783 καί
254 3719 412 3808 demiretur·
423 3718 686 3808 fingularem-et
691 3718 942 3807 familiaritatem
956 3731 984 3784 et
997 3717 1140 3782 alienita-

95 3833 169 3886 tem:
183 3820 238 3887 hic
252 3833 292 3886 ut
301 3821 383 3909 saepe
394 3824 490 3887 οἰκιίοι
500 3824 544 3889 est
554 3822 773 3911 consentaneum
786 3833 920 3888 noturae.
934 3844 936 3849 ’
954 3821 1140 3908 Xenophon
1168 3850 1177 3867 .

74 3923 258 3991 .Hellenic.
283 3926 329 3990 Il.
349 3944 383 4007 4,
400 3943 453 3991 20.
496 3924 698 4014 Lysandrum
720 3924 766 3990 ait
789 3924 920 3991 voluisse
944 3923 1012 4000 ἰδίοις
1034 3924 1141 3992 facere
1235 3914 1238 3918 i

96 4027 261 4110 Athenas3
284 4027 564 4110 Lacedaemonioo,
587 4032 635 4109 mlv
657 4037 712 4094 teir
734 4028 882 4108 Ἀθηναίων
903 4027 1015 4116 χώραν,
1038 4027 1141 4094 οἰκείαν

18 4210 20 4224 .
96 4133 145 4196 καί
159 4133 268 4212 πισπήν·
291 4133 448 4222 oppofitio
464 4157 529 4200 non
545 4134 636 4200 estin
652 4134 732 4200 urbe
748 4148 782 4199 et
796 4132 941 4222 regione,
957 4131 1057 4198 sedin
1073 4155 1141 4198 uno

96 4245 131 4300 ct
152 4235 311 4322 pluribus.
355 4236 511 4326 Lysandri
527 4238 646 4304 suturae
663 4248 755 4304 crant
769 4226 914 4327 proprieess
928 4234 1139 4302 lacedemo-

98 4337 225 4407 nicrum
237 4340 419 4430 domestice.
723 4397 726 4402 .

588 4463 651 4530 ”3
722 4522 726 4530 .
