2714 4770
251 311 490 419 ramnum
508 354 575 414 cn.
596 353 650 413 nr
670 353 772 414 nou.
791 374 820 434 p.
834 351 903 431 306.
918 353 1053 431 A-307.
1066 357 1101 416 n.
1153 357 1187 416 νι

199 514 241 602 γ’.
255 538 291 602 p.
306 517 383 602 306.
399 513 528 601 A-c.]
554 515 702 580 Graecam
724 511 883 578 historiam
902 513 1030 601 reponit
1044 490 1192 581 Stobaeun

156 618 243 685 Flor.
259 619 324 686 Tit.
341 620 418 684 Vll.
431 639 464 704 p·.
481 637 534 704 92.
550 616 628 682 odit.
647 617 777 682 Schow.
794 637 827 702 p.
844 605 919 682 20'1.
934 616 1117 704 praescripta
1130 640 1189 682 au·
1243 619 1246 625 ’

156 720 305 786 ctoritate
319 725 350 785 ἐκ
363 730 417 785 τῶν
430 720 557 799 Θησέος·
571 717 660 807 quod
674 718 771 805 paulo
784 717 893 783 notius
906 718 949 783 est
962 740 1080 784 nomen
1093 741 1190 805 quam

156 821 330 910 Chrysermi,
353 845 418 887 non
441 821 496 886 nili
517 841 557 887 ex
579 821 641 886 hoc
660 832 694 886 et
713 822 765 886 De
783 818 899 885 Fluviis
915 818 1024 885 libello
1045 820 1189 907 cogniti=
1306 872 1312 889 .

154 921 196 987 de
210 923 331 1010 quibun
339 922 523 987 nominibus
537 922 682 987 videatur
695 921 820 987 Voffius
836 919 985 985 Historie.
1001 922 1059 986 Gr.
1076 922 1139 986 lll.
1154 943 1189 1009 p.

154 1043 219 1111 342
232 1037 366 1111 et419.x
402 1027 463 1091 Res
485 1025 551 1113 ipsa
571 1039 605 1090 et
626 1024 747 1090 fautum
767 1022 943 1111 Othryadae
956 1046 976 1087 a
988 1023 1099 1089 multis
1114 1046 1191 1110 pro·

155 1126 277 1192 duntur
297 1126 427 1193 audone
449 1128 630 1207 Herodoto,
647 1129 676 1192 Ι.
693 1129 745 1196 82.
762 1126 862 1192 veluti
877 1125 1006 1192 Valerio
1019 1127 1109 1191 Max.
1125 1127 1189 1192 111.

153 1230 229 1294 Ext.
244 1250 277 1313 4.
305 1231 399 1296 Floro
415 1231 460 1295 ll.
476 1249 509 1310 2,
528 1250 579 1313 14.
623 1229 731 1310 Suida,
747 1228 817 1295 aliie
831 1228 937 1294 citatis
953 1228 1190 1294 Hemsterhufio

153 1331 195 1397 ad
222 1331 358 1397 Luciani
385 1332 572 1419 Contempl.
594 1334 633 1398 T.
658 1335 685 1398 l.
708 1354 741 1419 p.
759 1348 836 1417 524.
881 1331 1022 1397 Meurfio
1050 1330 1188 1396 Miscell.

152 1437 276 1499 Lacon.
293 1436 351 1498 IV.
370 1454 420 1520 ῐ3.
438 1456 472 1520 p.
487 1454 562 1521 299.
607 1435 646 1498 ln
669 1436 813 1500 Romana
827 1432 935 1498 fabula
950 1431 1116 1498 nominum
1131 1455 1187 1497 va·

151 1537 299 1602 rietatem
319 1537 465 1623 praebent
485 1535 624 1603 codices·
668 1536 757 1601 Nam
780 1550 988 1622 preteream
1009 1557 1108 1622 quam
1131 1537 1188 1603 sub

151 1652 306 1704 contextu
327 1638 519 1720 notavimuS,
543 1638 635 1703 Harl.
657 1638 806 1704 Μννοῦονον
825 1640 993 1727 Ἀμβςῑνονε
1017 1638 1109 1704 Mez.
1123 1644 1186 1703 Ho-

150 1741 280 1824 στούμιον
299 1743 449 1822 Ἀλβῖνονε
480 1739 551 1807 Bas.
574 1740 723 1805 Hoclrirrov
744 1738 910 1820 Ἀλβῖηνοντ
940 1741 1017 1807 Jun.
1041 1745 1187 1806 Μννοΰτνον

148 1841 312 1922 Ἀλβῖηνονο
336 1844 372 1907 F.
391 1841 458 1907 Pol.
475 1841 604 1908 Schott.
617 1843 728 1908 Anon.
744 1840 893 1907 Μὶσοῦννον
905 1841 1100 1930 Ἀμβλίμηνον·
1126 1843 1187 1908 Pro

150 1945 246 2019 Μοῖἶος
261 1944 354 2009 Harl.
371 1943 427 2009 dat
439 1945 568 2027 Μαΐμος.
654 1960 657 1972 “

194 2044 229 2109 δ’.
245 2067 277 2132 p.
291 2048 368 2131 306.
383 2046 438 2130 Q]
464 2046 574 2111 Habet
588 2066 717 2132 quoque
731 2045 881 2111 Stobaeuu
893 2047 973 2112 Vll.
989 2067 1023 2132 p.
1038 2066 1091 2132 91.
1121 2047 1186 2111 Le·

151 2147 257 2212 onidae
279 2148 413 2213 fadum·
426 2147 548 2213 nemini
569 2147 730 2235 ignotum,
754 2149 884 2213 auctore
906 2147 1088 2230 Herodoto,
1106 2150 1185 2214 v11.

152 2269 333 2332 220-224.
359 2250 452 2338 cujus
475 2249 690 2315 narrationem
716 2249 781 2329 alii,
807 2251 864 2315 five
889 2267 972 2330 vere,
998 2251 1058 2316 five
1081 2253 1184 2332 secus,
1303 2278 1308 2285 ·

148 2354 396 2441 amplificarunt,
419 2352 519 2419 veluti
540 2352 605 2439 ipse
628 2352 816 2418 Plutarchus
835 2352 887 2417 De
903 2352 1027 2418 Herod.
1042 2353 1183 2442 Malign.

150 2480 183 2543 p.
199 2459 273 2524 866.
289 2460 327 2522 E.
352 2456 517 2523 Diodorus
531 2456 597 2521 Sic.
613 2457 674 2521 XI.
689 2476 739 2521 10.
762 2455 903 2524 Jullinun
915 2458 960 2521 ll.
976 2476 1027 2522 11.
1038 2456 1081 2523 ad
1092 2456 1185 2524 illum

149 2559 377 2647 Weffelingius
397 2558 482 2624 hanc
501 2558 646 2624 Aristidis
664 2558 754 2624 citati
767 2558 991 2624 audoritatem
1004 2575 1183 2625 memorat:

149 2684 246 2749 quam
276 2684 353 2734 vere
371 2659 576 2748 reprehendit
597 2658 831 2726 Valckenarius
856 2660 897 2724 ad
922 2660 1081 2727 Herodot.
1104 2664 1183 2728 Vll.

150 2778 224 2849 225.
251 2764 304 2827 De
317 2761 458 2827 facinore
473 2765 619 2828 Romano
632 2761 867 2827 mendaciolum
884 2761 1097 2828 commixtum
1109 2786 1185 2828 cum

149 2867 224 2931 casu
242 2877 459 2930 trecentorum
481 2864 664 2930 Fabiorum.
708 2865 904 2951 Hujusmodi
924 2879 1032 2930 tamen
1051 2867 1185 2953 quidde

151 2969 321 3032 Poenorum
345 2964 427 3032 duce
449 2964 633 3030 Hannibale
645 2977 679 3031 et
693 2967 912 3031 Romanorum
928 2967 1025 3032 Fabio
1038 2968 1184 3036 Maximo

149 3070 303 3135 traditum
321 3068 410 3137 fu'nffe
426 3066 593 3155 colligitur
608 3089 649 3132 ex
664 3070 858 3156 Fragmento
871 3068 991 3134 AElinni
1005 3070 1092 3159 apud
1107 3071 1183 3140 Sui-

149 3171 225 3237 dam
246 3175 336 3238 Voce
354 3171 465 3236 Tartar
483 3173 523 3237 Τ.
540 3173 603 3235 Ill.
619 3194 653 3257 p.
669 3191 753 3257 439:
777 3170 915 3246 Αἲλνανὸς·
938 3174 977 3236 ‘0
997 3173 1025 3236 bi
1047 3173 1183 3262 ἐκρυέντος

147 3282 196 3338 τοῦ
216 3275 334 3358 αἵματος
356 3274 526 3362 περιτραπεὶς
545 3273 667 3355 incipiet
684 3276 785 3359 ἑαυτῷ,
800 3273 897 3358 τρόπον
912 3299 986 3353 τινα,
999 3275 1031 3338 τὸ
1046 3277 1183 3364 δυστυχὲς
1316 3305 1319 3308 “

148 3376 273 3440 ταννίδνον
287 3378 411 3462 ἐπήγετο·
436 3375 553 3462 quibus
567 3375 668 3442 verbis
683 3374 766 3441 hauc
780 3375 924 3441 notulam
939 3376 1031 3443 addit
1045 3378 1180 3444 Lexico·

148 3478 301 3566 graphus,
319 3480 378 3566 περὶ
397 3477 533 3561 Μαξίμου
549 3476 627 3563 λέγον
647 3485 695 3542 τοῦ
708 3477 849 3560 Ῥωμαίων
862 3488 1033 3566 στςαπμγοῦ,
1047 3482 1180 3545 ἀποσπά-

147 3606 248 3654 οονντος
265 3581 319 3643 ἀπὸ
337 3585 384 3656 τῆς
402 3586 522 3662 κεφαλῆς
535 3579 661 3659 Ἀννίβου
674 3581 706 3643 τὸ
720 3578 846 3663 στέμμα.
892 3581 1029 3647 Fortall'e
1050 3604 1180 3669 quoque

149 3678 325 3743 manaverit
342 3677 455 3765 aliquis
473 3701 562 3743 error
582 3700 621 3743 ex
642 3676 698 3743 illo
711 3677 797 3745 fatto
811 3679 900 3743 Fabii
914 3679 1049 3744 Maximi
1063 3679 1180 3750 Sicilire

148 3779 309 3859 Praetoris,
328 3779 385 3867 qui
405 3793 566 3847 trecentor
585 3779 895 3868 Carthaginienlium
910 3780 1030 3847 obfides
1043 3784 1179 3848 Romam

148 3883 259 3948 duxit:
284 3881 372 3970 quod
386 3881 485 3948 exstat
498 3883 584 3972 apud
600 3881 769 3971 Polybium
783 3885 932 3970 Excerpt.
949 3885 1064 3971 Legat.
1078 3885 1117 3949 T.
1132 3886 1165 3950 11
1170 3910 1182 3950 .’

147 4009 181 4074 p.
196 3987 271 4051 806.
288 3984 365 4050 odit.
382 3985 501 4050 Ernest.

191 4087 222 4152 ν’.
236 4108 270 4175 p.
282 4087 359 4173 306.
375 4088 521 4173 E—307.
536 4086 592 4172 Α.]
618 4087 766 4152 Stobaeue
779 4084 802 4151 l.
817 4109 847 4151 c.
865 4088 904 4152 Τ.
920 4086 998 4153 Vll.
1012 4107 1044 4174 p.
1060 4107 1114 4175 93.
1129 4088 1178 4154 fa-

147 4190 258 4257 bulam
277 4189 319 4255 de
339 4188 433 4254 Mida
451 4187 588 4276 reponit,
605 4188 747 4278 appofita
767 4188 801 4254 in
818 4188 963 4277 margine
977 4190 1178 4259 Gesneriane
1193 4237 1197 4242 -

148 4292 298 4360 editionis
313 4305 401 4374 noto,
418 4289 605 4380 callisthenes
618 4291 651 4358 ν’νν
666 4310 686 4360 2
700 4289 902 4379 transformat.
918 4305 946 4359 et
960 4292 1128 4361 Plutarchi.
1144 4305 1178 4360 at
1250 4319 1255 4327 ·
1295 4380 1304 4395 .

191 4415 278 4462 von.
294 4415 365 4466 vu.
550 4451 565 4467 ,
654 4412 679 4456 ο
798 4472 801 4479 ¹
