2714 4770
301 404 566 470 cunsnouus
585 403 786 467 nonanus.
807 426 837 486 p.
853 404 918 465 aaa
933 405 1035 466 e-u.
1145 357 1182 486 εξ
1239 496 1241 500 s

149 562 278 631 Sabinis
297 563 469 631 Romulum
487 564 715 652 gratificatum,
734 576 823 630 erant
844 565 898 652 qui
921 563 1092 647 traderent,
1108 567 1193 632 teste·

151 665 324 731 Plutarcho
345 663 378 730 in
398 666 478 754 Ejus
492 665 570 733 Vita
587 688 620 753 p.
642 686 697 753 30.
719 665 760 732 C.
804 666 971 754 Originem
987 668 1186 754 aTarquinii

150 766 185 844 in
207 767 342 854 pueritia
362 767 490 834 fortiter
503 768 589 835 facio
604 766 784 855 repetitam,
800 767 907 855 prodit
920 790 1049 855 quoque
1065 769 1184 834 Plinius

150 870 199 934 H.
214 872 260 936 N.
275 872 438 936 XXXIII.
453 891 493 954 4:
510 898 530 935 a
545 872 706 961 Tarquinio
721 871 820 960 Prisco
834 871 957 936 omnium
965 872 1063 958 primo
1066 869 1184 956 filium,

149 996 237 1060 qumn
250 972 282 1037 in
293 985 447 1061 praetextae
460 973 546 1038 annis
564 973 703 1061 occidiffel
717 971 830 1058 histem,
846 971 928 1037 bulla
942 996 1033 1036 aurea
1046 973 1187 1038 danaum

150 1075 256 1161 constat
263 1103 277 1155 ;
300 1077 378 1140 unde
391 1099 448 1140 mos
462 1075 554 1142 bulla
568 1077 702 1158 duravit,
717 1088 751 1140 ut
763 1099 860 1141 eorum
868 1075 924 1164 qui
938 1097 1008 1162 equo
1021 1075 1187 1162 meruiffent

137 1176 209 1265 filii
226 1178 339 1266 irfigne
356 1178 391 1242 id
408 1179 555 1261 habam,
577 1178 679 1244 coeterr'
699 1177 803 1243 lorum.
848 1177 936 1244 Cum
950 1176 1101 1244 Varronis
1115 1189 1188 1266 ety-

150 1279 294 1368 mologia
316 1280 468 1369 congruit
486 1281 593 1347 Festus
613 1302 647 1369 p.
666 1282 729 1367 56:
765 1278 862 1346 Bulla
879 1302 970 1345 αιινιιι
991 1289 1057 1343 erat
1077 1279 1190 1367 infigne

147 1396 303 1471 puerorum
320 1394 565 1472 preelectatorum
581 1407 653 1472 quae
667 1383 844 1472 dependebat
857 1382 898 1447 eis
912 1406 932 1445 a
941 1388 1066 1469 pectore,
1079 1383 1188 1470 utstg·

148 1482 319 1570 mficoretur
339 1510 404 1551 eam
422 1497 539 1551 atatem
553 1485 676 1552 alterius
696 1485 855 1573 regendum
876 1485 930 1572 ιβι
951 1483 1083 1569 confilior
1105 1485 1188 1570 dida

148 1597 246 1649 autem
261 1583 300 1671 ιβ
313 1611 333 1649 a
349 1586 457 1651 Groeco
459 1589 594 1674 sermone
606 1590 705 1672 βουλὴ,
720 1587 797 1675 quod
807 1585 955 1674 confilium
968 1584 1080 1650 dicitur
1095 1585 1187 1650 Lati-

148 1711 205 1752 ιιιι
227 1687 279 1753 vel
298 1689 371 1778 quia
388 1713 453 1754 eam
462 1703 577 1779 partem
592 1690 712 1778 corporis
727 1689 808 1754 bulla
819 1689 980 1776 contingat,
994 1687 1029 1751 id
1041 1687 1078 1774 ιβ
1086 1696 1192 1775 petitu·

148 1788 251 1878 inquo
266 1791 404 1857 naturale
418 1804 516 1858 manet
531 1793 687 1881 corfilium.
727 1791 913 1859 comoedias
928 1789 1120 1857 Plutarchus
1134 1787 1186 1853 di·

149 1891 196 1957 cit
210 1907 337 1981 togatas,
352 1918 392 1962 ex
406 1919 471 1983 quo
484 1919 602 1985 genere
617 1896 714 1962 nullae
728 1895 914 1983 supersunt3
938 1915 1015 1959 nam
1031 1891 1136 1958 Plauti
1149 1912 1187 1957 ac

148 1995 290 2059 Terentii
309 1996 382 2060 sunt
398 1997 550 2082 palliatae.
594 2000 657 2062 Res
678 1995 746 2082 ipsa
766 1995 878 2060 multis
898 1993 1023 2059 indiciis
1041 1993 1187 2058 observa·

149 2105 216 2160 tur.
261 2095 456 2183 Hujusmodi
474 2099 518 2163 est
537 2097 664 2163 Horatii
682 2099 749 2163 Sat.
766 2098 794 2161 1.
815 2116 846 2166 a.
867 2112 945 2181 1172
976 2093 1111 2174 Ancilla,
1134 2105 1189 2159 aut

148 2220 244 2261 omre
259 2197 298 2282 est
307 2197 415 2285 praesto
425 2213 512 2287 puer,
528 2199 650 2287 irnpetus
663 2198 696 2263 in
711 2223 793 2287 quem
809 2198 951 2263 Continuo
953 2196 1074 2284 βαίη
1107 2200 1187 2262 Em·

150 2297 318 2396 pedoclem
334 2303 466 2378 δισκοειδῆ
486 2301 621 2388 liguram
644 2302 746 2367 Lunae
768 2300 916 2381 statuiffc,
931 2299 1040 2389 prodit
1058 2312 1092 2364 et
1111 2299 1187 2365 scri·

149 2414 225 2486 ptor
239 2401 279 2467 de
295 2401 423 2469 Placitis
445 2403 708 2490 Philosophorum
725 2405 771 2468 II.
787 2421 841 2488 27.
855 2403 979 2490 p.·891.
996 2402 1036 2469 C.
1073 2401 1186 2482 Βάλλα,

149 2503 327 2580 AEolicum,
350 2526 408 2590 pro
429 2508 516 2586 βουλὴ
538 2504 675 2585 dictum,
696 2505 819 2570 notavit
835 2504 977 2572 Koeniue
991 2503 1032 2569 ad
1048 2505 1187 2592 Gregor.

150 2605 203 2669 De
222 2605 378 2672 Dialeclia
397 2627 431 2694 p.
454 2607 508 2688 82,
529 2608 593 2694 seq.
613 2619 647 2688 et
659 2607 893 2675 Valckenarius
915 2606 957 2672 ad
977 2607 1188 2688 Theocritum

193 2831 228 2896 p.
244 2811 317 2876 288.
331 2812 370 2876 B.
385 2810 457 2897 pust]
484 2810 558 2876 Dies
577 2810 685 2895 hstrr‘ci
703 2811 738 2875 hi
752 2810 954 2876 dicebantur.
998 2811 1187 2877 Macrobius

152 2909 221 2974 Sat.
245 2911 274 2974 I.
297 2912 348 2974 16.
367 2933 402 2998 p.
423 2914 504 2997 269:
534 2910 590 2993 Εβ
612 2923 709 2974 autem
735 2909 796 2973 dics
818 2908 963 2992 lustricus,
984 2933 1038 2997 quo
1059 2909 1189 2998 irffantcs

151 3007 316 3093 lustrantur
329 3023 358 3076 ct
375 3036 478 3076 nomen
499 3011 663 3099 occipiunt.-
675 3011 736 3098 scd
755 3011 781 3074 ir
800 3009 928 3075 maribus
946 3034 1050 3089 nonus,
1070 3018 1189 3076 octavus

152 3111 192 3195 ιβ
200 3111 339 3199 feminis.
383 3114 489 3180 Festus
510 3136 544 3202 p.
565 3132 648 3202 209:
672 3112 802 3197 Lustrici
823 3113 884 3177 dies
902 3111 1065 3201 insontium
1085 3112 1188 3202 appel·

152 3213 268 3296 lentur,
284 3214 454 3303 puellarum
474 3224 605 3295 etloum,
624 3215 777 3304 punctum
796 3239 886 3281 nomes
894 3240 908 3292 ,·
930 3215 981 3305 qui
999 3215 1044 3280 his
1057 3216 1187 3301 lustran-

152 3330 215 3399 tur,
241 3330 330 3408 atque
351 3319 391 3384 eis
416 3319 533 3387 nomina
556 3319 753 3407 imponuntur.
798 3319 972 3385 Suetonius
994 3318 1028 3383 in
1054 3320 1188 3385 Nerone

152 3421 213 3485 VI.
250 3421 413 3488 Amobiue
428 3422 512 3487 Adv.
528 3422 627 3487 Gent.
644 3423 707 3487 III.
722 3443 755 3509 p.
773 3441 845 3489 102.
884 3419 1049 3508 Septimus
1062 3420 1189 3488 diescit
1247 3467 1252 3482 .

152 3520 279 3608 κρίσιμος
297 3523 391 3605 natis,
410 3525 540 3589 auctore
564 3523 761 3611 Hippocrate
779 3525 833 3589 De
852 3523 1031 3589 oclimestri
1045 3525 1139 3590 Partu
1154 3545 1188 3610 p.

154 3637 229 3708 257.
252 3624 404 3711 Appofite
418 3624 602 3691 Aristoteles
618 3624 700 3691 Hist.
716 3623 859 3690 Animal.
874 3625 969 3690 VIII.
982 3643 1039 3692 12:
1055 3627 1094 3688 rol
1106 3627 1188 3711 mig

152 3750 212 3791 στα
231 3727 259 3789 δὲ
281 3726 399 3812 (παιδία)
423 3731 573 3816 ἀναιρεῖται
595 3728 645 3813 τρὸ
668 3733 715 3804 τῆς
736 3726 860 3811 ἑβδόμης·
884 3728 923 3791 διὸ
942 3728 990 3791 καὶ
1009 3729 1048 3790 τὰ
1066 3724 1190 3808 ὀνόματα
1223 3788 1239 3818 ‚c

151 3826 215 3891 τότι
233 3825 363 3908 τίθενται,
379 3831 413 3905 ὥς
428 3830 598 3906 τιστιύοντις
613 3829 659 3908 ἤδη
674 3835 785 3912 μᾶλλον
797 3833 831 3915 τῇ
845 3827 979 3918 σωτηρίᾳ.
1024 3825 1188 3914 Pythago·

152 3949 241 4004 ream
258 3929 477 4010 Numerorum
496 3930 653 3999 rationem
667 3932 761 4017 supra
774 3930 942 4019 attigimus
956 3929 1075 3996 Quaest.
1091 3931 1188 4013 Rom.

153 4032 194 4116 β’.
209 4055 243 4120 p.
260 4036 334 4117 264.
350 4034 393 4100 A.
438 4037 475 4100 In
490 4038 536 4100 τὸν
548 4037 599 4121 μὲν
614 4036 784 4123 τετράγωνοι
799 4035 864 4100 eluar
879 4033 1005 4122 plenius
1024 4034 1107 4136 dant
1118 4034 1188 4107 Pol.

155 4136 289 4203 Iconio.
304 4137 432 4205 Schott.
449 4139 541 4216 Mez.
555 4166 584 4204 τ.
600 4167 634 4222 μ.
650 4136 734 4226 ἄνδρα
748 4166 777 4204 τ.
793 4165 818 4203 ι.
838 4210 841 4216 Δ

200 4239 274 4306 288.
287 4241 325 4304 E.
339 4239 414 4328 ργ’.]
431 4239 486 4330 Sp.
502 4240 746 4329 fignificarestne
756 4252 855 4330 patre,
865 4238 990 4305 videtur
1000 4238 1096 4303 etiam
1108 4237 1191 4305 velle

158 4338 257 4408 Caius
272 4341 374 4413 lnstit.
389 4343 418 4409 1.
431 4361 466 4426 4.
482 4341 515 4409 8.
536 4341 594 4411 ubi
612 4341 825 4420 consulendus
844 4339 1078 4429 Schunngius.
1120 4338 1190 4424 Alii

647 4464 701 4535 Ε3
