2714 4770
244 360 285 420 86
386 360 424 418 D.
445 357 493 417 W.
514 356 712 418 ANIMADV.
733 358 779 416 IN
799 356 1034 418 PLUTARCHI
1046 357 1135 419 but.

243 518 361 597 cidiue,
378 531 412 584 et
426 517 460 583 in
474 517 537 584 hoc
550 528 780 606 argumentum
796 516 903 583 Latini
920 517 1064 604 quamvis
1080 516 1147 583 fiai
1161 515 1285 585 defide-

243 642 314 686 rarc
330 620 468 687 videturt
485 620 519 686 id
535 642 608 686 vero
623 643 682 686 nec
696 621 733 686 in
747 620 935 707 fragmentis
949 642 989 686 ex
1002 619 1166 708 Euripidis
1179 618 1287 686 Mele-

135 750 138 759 ·
244 745 323 811 agro
346 745 406 789 nec
431 723 519 803 alibi,
544 723 632 810 quod
656 723 764 805 sciam,
791 722 994 810 fignificatur.
1038 722 1165 811 Attigit
1186 721 1284 788 Valc-

242 821 395 888 kenarius
408 822 548 889 Diatrib.
564 823 595 886 in
611 822 762 911 Euripid.
779 823 908 910 Fragm.
925 824 1020 887 Xlll.
1038 845 1071 909 p.
1090 839 1163 909 137.

286 923 339 1004 κζ.
354 943 430 1009 312·
446 925 501 1008 Β.]
518 926 570 989 De
581 925 612 989 Τ
612 923 771 990 elamonis
785 923 970 1011 parentibus
984 923 1206 1009 Apollodorus
1222 923 1282 987 Ill.

245 1044 297 1104 12,
309 1030 341 1094 6.
387 1025 520 1113 Reliqua
534 1025 660 1090 historia
671 1026 849 1113 explicatur
863 1025 895 1089 in
911 1024 1079 1090 Meziriaci
1094 1018 1283 1091 Commcut.

242 1124 342 1212 Epist.
356 1126 450 1193 Ouid.
466 1129 507 1199 T.
523 1129 549 1190 I.
565 1148 599 1214 p.
614 1129 690 1208 246.
726 1126 882 1192 Latinum
898 1125 1100 1206 Parallelum‚
1116 1138 1155 1190 ut
1167 1125 1285 1212 priora,

242 1228 366 1294 fictum.
647 1286 654 1304 ,

286 1329 338 1408 κη’.
361 1349 437 1414 312.
461 1306 516 1416 Ἐ.]
547 1333 664 1397 Graeca
684 1352 735 1396 res
757 1329 917 1396 celebrata
940 1329 989 1395 vel
1015 1328 1122 1397 Ovidii
1145 1327 1286 1416 Epistola

241 1431 323 1497 Her.
340 1433 402 1497 XI.
447 1431 592 1499 Canaces
613 1433 654 1499 ad
676 1435 880 1499 Macareum:
904 1432 1053 1500 meminit
1074 1445 1109 1498 et
1124 1430 1284 1520 ¹Hyginus

241 1533 319 1599 Fab.
343 1534 598 1603 CCXXXVIII.
625 1549 659 1601 et
679 1535 769 1600 citati
791 1534 910 1601 ibidem
931 1558 951 1600 a
971 1535 1171 1611 Munckero.
1216 1535 1283 1599 Eo·

196 1686 198 1691 .
240 1635 316 1701 dem
336 1635 465 1703 auctore
483 1637 631 1725 apposuit
644 1660 684 1703 ex
697 1637 760 1703 hoc
776 1637 929 1703 Parallelo
951 1636 1100 1703 Stobaeun
1114 1635 1202 1703 Flor.
1216 1635 1284 1702 Tu.

240 1738 349 1803 LXII.
364 1759 398 1825 p.
413 1758 489 1821 404.
519 1739 673 1805 Latinum
688 1761 764 1804 cum
778 1751 917 1826 utroque
931 1738 1061 1804 auctore
1074 1742 1111 1814 115
1125 1736 1260 1825 κόρακας.

283 1839 335 1906 κθ’.
355 1860 432 1927 312.
454 1843 510 1928 E.]
537 1840 675 1930 ’Aglaum
697 1839 912 1928 Ἀριστῶνυμος·
939 1841 1065 1907 sensum
1085 1837 1199 1912 saltem
1219 1838 1282 1904 ali-

239 1963 337 2030 quem
359 1942 506 2022 haberet,
525 1942 546 2009 li
564 1943 719 2030 scriptum
740 1943 817 2008 cffet
838 1966 904 2009 non
930 1942 984 2007 nili
1009 1943 1159 2008 alterum.
1205 1942 1284 2007 Sto-

218 2047 223 2067 '
239 2043 331 2110 baeun
344 2044 429 2110 hanc
443 2047 591 2115 Graecam
605 2045 704 2135 hujus
719 2045 862 2112 Paralleli
875 2045 979 2111 citans
993 2044 1077 2111 Flor.
1090 2043 1157 2111 Iit.
1173 2045 1285 2110 LXII.

240 2166 275 2232 p.
290 2167 367 2228 404.
386 2146 487 2212 habet
506 2147 570 2212 fine
590 2147 722 2213 nomine
740 2147 872 2234 proprio
889 2146 1019 2229 Ἐφέσιος
1032 2151 1073 2233 τῷ
1086 2144 1161 2232 ylm
1176 2146 1284 2224 νεανίας

113 2280 115 2289 ·
239 2250 336 2322 -ulls
348 2247 711 2333 Arpocrpo'rrov-caetera
724 2248 821 2336 paulo
837 2248 1072 2315 diverse-tum
1085 2249 1284 2334 Ὀνοσκιλὲαν,

240 2362 275 2414 et
287 2349 453 2438 auclorcm
467 2350 661 2439 inmerginc
675 2350 828 2436 Aristoclis
838 2351 908 2418 Lib.
922 2371 952 2419 2.
974 2352 1213 2434 Pandam,
1225 2353 1284 2441 qui

122 2532 125 2538 ,
240 2474 333 2539 aeque
352 2451 509 2519 confidluo
529 2475 568 2518 ac
589 2453 683 2540 supra
701 2453 813 2518 Parall.
834 2453 884 2518 κε’.
904 2476 936 2542 p.
952 2474 1029 2539 311.
1045 2456 1081 2521 F.
1116 2453 1285 2539 Arssotelis

241 2552 403 2619 Paradoxa
423 2576 463 2618 ex
483 2552 547 2619 hoc
569 2575 636 2618 uno
659 2553 732 2619 loco
753 2555 851 2619 refert
873 2555 1035 2620 Fabricius
1056 2557 1095 2621 Β.
1115 2557 1158 2622 G.
1177 2558 1223 2622 II.
1245 2578 1283 2644 p.

241 2670 315 2757 195.
357 2654 521 2719 Ὀνόσκελιν
541 2677 660 2721 nomen
677 2655 855 2742 posterioria
871 2655 975 2720 aetatis
990 2668 1050 2743 pro
1058 2655 1215 2740 Ἔμπουσα
1229 2657 1283 2723 di·

239 2755 329 2823 ctum
344 2755 556 2845 intelligimus
571 2781 590 2823 e
605 2757 737 2824 Scholio
752 2758 914 2845 Aristoph.
931 2758 1052 2823 Ecclcs.
1071 2760 1166 2841 1048.

281 2858 319 2923 λ’.
335 2880 412 2946 312·
427 2862 481 2946 Ε.]
508 2862 689 2927 Romanum
712 2859 822 2926 saltem
841 2859 1022 2946 exemplum
1043 2859 1180 2925 fabulari
1195 2862 1281 2927 fere·

236 2959 334 3028 batur
356 2961 539 3042 traditione,
555 2963 643 3049 quod
661 2962 883 3050 coguoscImua
897 2984 936 3027 ex
950 2959 1041 3025 fimili
1055 2961 1142 3026 facto
1157 2964 1280 3028 Roma·

237 3086 352 3129 narum
366 3062 568 3141 ancillarum,
584 3064 655 3128 aliia
669 3064 853 3129 nominibus
869 3062 1040 3128 hominum
1051 3063 1165 3145 relato,
1174 3086 1195 3129 a
1207 3066 1284 3130 Plu-

237 3166 351 3230 tarcho
369 3165 402 3230 in
423 3166 502 3233 Vita
521 3164 651 3232 Romuli
671 3189 704 3253 p.
722 3167 777 3251 36.
798 3170 836 3231 E.
873 3165 1004 3231 Camilli
1023 3188 1056 3254 p.
1073 3180 1144 3251 145.
1160 3168 1198 3232 F.
1213 3167 1279 3256 seq.

235 3265 341 3350 μυθώδη
361 3266 493 3349 fatente,
514 3265 654 3354 indeque
676 3268 790 3333 festum
809 3267 1009 3333 Ancillamm
1030 3267 1136 3333 Nonis
1152 3267 1279 3356 Capro·

236 3367 325 3432 tinis.
354 3367 503 3433 Indidem
517 3368 654 3448 fortasse,
670 3382 709 3434 ut
723 3368 814 3450 solet,
829 3369 1017 3435 Macrobius
1031 3371 1163 3434 Saturn.
1179 3371 1208 3434 1.
1225 3391 1279 3436 11.

234 3490 269 3555 p.
292 3488 366 3555 239.
412 3471 450 3536 In
470 3471 587 3536 Graeco
604 3470 752 3536 Sardiani
773 3470 937 3550 dicuntur,
957 3470 1013 3563 qui
1035 3470 1164 3536 dicendi
1186 3485 1280 3537 erant

234 3570 346 3658 lydiae
366 3593 468 3659 reges:
490 3594 510 3636 a
528 3595 666 3659 quorum
689 3586 784 3638 aetate
801 3572 846 3653 id,
862 3573 881 3638 fi
899 3571 1053 3660 umquam
1072 3573 1147 3653 fuit,
1166 3573 1278 3637 minua

235 3672 387 3739 abhorret
400 3695 497 3762 quam
508 3675 717 3762 aposteriore,
733 3697 798 3763 quo
813 3674 958 3740 Sardiani
971 3675 1028 3740 sub
1043 3675 1173 3763 regibus
1186 3677 1281 3739 Grae·

234 3775 280 3841 cia
302 3787 405 3840 crant.
444 3776 621 3842 Larcherus
643 3776 684 3842 ad
705 3776 865 3842 Herodot.
883 3777 912 3840 1.
930 3796 982 3859 14.
1001 3777 1089 3842 hunc
1103 3777 1215 3842 locum
1229 3775 1279 3841 ci·

234 3886 320 3955 taus,
327 3876 364 3962 ſs
377 3900 481 3940 voum
496 3874 545 3960 est,
561 3875 679 3964 lnquit,
694 3879 772 3965 quod
787 3875 837 3963 iste
847 3877 977 3965 scriptor
991 3877 1136 3965 prodidit,
1153 3879 1204 3940 boc
1212 3875 1280 3960 fa·

233 3982 311 4040 &um
335 3977 441 4064 referri
464 3980 549 4044 debet
572 3983 616 4045 ad
636 3980 742 4045 bellum
763 3983 843 4069 qaod
867 3981 965 4067 Gyges
992 3993 1090 4045 contra
1112 3980 1280 4065 Smyrnaeos

229 4077 327 4164 gcfflt.
370 4080 531 4168 Ἐλευθερία
551 4083 663 4147 festum
684 4083 794 4169 potius
816 4082 990 4149 dicendum
1012 4095 1081 4148 erat
1102 4082 1277 4167 Ἐλευθέρια·

234 4200 300 4266 quo
318 4182 448 4248 nomine
468 4183 580 4248 fimilia
596 4196 833 4249 memorantur:
857 4208 886 4248 v.
907 4208 937 4251 c.
957 4185 991 4249 in
1015 4183 1176 4250 Plutarchi
1198 4183 1280 4250 Ari-

233 4279 311 4347 stide
328 4304 361 4371 p.
375 4301 452 4370 331.
467 4287 504 4350 F.
536 4284 700 4352 Heniochi
721 4284 796 4353 loco
814 4285 902 4374 apud
923 4287 1092 4355 Stobaeum
1107 4285 1193 4353 Flor.
1209 4285 1280 4354 Iit.
