2714 4770
241 340 298 400 roa
379 338 419 398 n.
440 337 489 396 w.
510 335 708 397 anmanv.
729 286 1030 400 maturarem
1052 337 1131 437 nra.

238 498 412 564 Plutarcho
431 498 519 562 bunc
536 496 654 561 librum
669 494 831 584 abjudicat
845 497 1027 562 Gatakeme
1041 496 1082 562 ad
1098 497 1150 562 M.
1166 498 1275 564 Anto·

238 600 306 666 nin.
323 624 355 688 p.
371 624 403 689 9.
418 623 449 681 a,
461 601 503 664 G.
519 599 622 665 citans
635 599 686 689 hie
700 599 815 681 verbio,
829 599 989 669 Plutarchi
999 600 1114 665 nomine
1126 608 1229 666 artior
1240 602 1277 664 de

238 702 371 767 Fortuna
389 699 574 781 Alexandri,
596 699 714 766 rebilus
736 719 796 787 pro
809 699 944 787 juvenili
963 713 996 766 et
1010 700 1172 766 rhetorica
1183 723 1274 768 com·

237 803 437 870 mentatione
457 801 555 869 habet
577 804 744 868 Mercerus
762 801 803 868 ad
821 802 967 868 Nonium
986 801 1137 868 Marcell.
1154 824 1187 891 p.
1203 824 1273 887 142.

238 921 277 972 ut
305 906 485 971 notavimus
514 903 556 970 ad
584 904 701 970 librum
727 903 870 991 proxime
899 903 1165 970 antecedentem:
1197 905 1274 971 item

240 1007 486 1075 Sanuocrucius
507 1006 603 1073 dode
622 1021 656 1072 et
675 1006 861 1095 prudenter,
882 1029 972 1072 more
991 1008 1059 1089 suo,
1076 1007 1228 1074 differens
1245 1008 1274 1073 in

240 1112 383 1178 Censura
408 1109 639 1176 ffistoricorum
665 1107 839 1175 Alexandri
860 1109 911 1174 M.
931 1132 965 1197 p.
984 1110 1038 1196 83.
1060 1109 1148 1197 sequ.
1191 1111 1277 1176 Duae

238 1214 312 1280 sunt
325 1210 514 1279 Orationesr
531 1233 597 1275 non
611 1209 741 1275 diversae
757 1209 901 1289 materia,
918 1209 1002 1298 quali
1019 1209 1163 1299 ejusdem
1178 1232 1275 1298 argu-

238 1313 342 1380 menti
359 1313 432 1379 duae
449 1325 572 1399 partes:
597 1311 650 1377 sed
673 1311 739 1404 dnp
762 1311 924 1377 rhetorica
946 1312 1152 1399 ἐπιχειρήματα
1174 1317 1212 1387 εἰς
1230 1318 1277 1392 τὴν

238 1421 322 1496 αὐτὴν
343 1415 474 1481 ὑπόθεσιν·
499 1413 597 1479 veluti
621 1414 782 1479 Plutarchi
802 1413 874 1478 duee
893 1414 967 1479 sunt
985 1416 1045 1502 arpi
1067 1415 1275 1503 σαρκοφαγίας·

237 1509 356 1589 loliani
378 1518 452 1584 duae
473 1517 505 1582 in
530 1516 751 1583 Constantium
763 1541 773 1596 3
797 1530 831 1582 et
852 1517 993 1582 similiter
1013 1517 1098 1603 apud
1120 1519 1276 1584 Senecam

242 1621 428 1689 Rhetorem.

281 1725 325 1789 Et
346 1721 386 1787 de
407 1717 590 1786 Alexandro
616 1720 716 1806 quaeri
742 1720 861 1785 solebat
885 1719 970 1785 inter
995 1720 1127 1785 Graecos
1152 1733 1186 1785 et
1209 1721 1277 1786 Ro-

239 1849 352 1893 manoa
375 1827 514 1890 Fortuna
531 1845 573 1888 an
592 1822 723 1888 Vrrtute
737 1823 842 1911 magis
857 1822 1017 1888 valuisset:
1043 1822 1197 1888 Romanis
1212 1824 1277 1889 sere
1334 1881 1339 1891 .

238 1929 412 1998 secundum
429 1930 614 2005 Fortunam,
630 1926 764 2010 Graecis,
777 1940 810 1992 et
823 1925 995 1992 Plutarcho
1007 1925 1058 1991 hia
1070 1926 1102 1991 in
1114 1925 1276 1993 declama-

107 2085 114 2098 .
238 2033 394 2112 tionibus,
410 2029 585 2096 secundum
597 2029 762 2095 Vrrtutem
771 2027 1005 2116 judicantibus.
1038 2026 1089 2093 Illi
1102 2027 1277 2109 hiajviPto·

240 2159 291 2204 res
305 2134 407 2214 vietis,
422 2132 612 2220 presentem
635 2132 771 2197 Graeciee
791 2129 985 2210 servitutem,
1000 2142 1035 2195 et
1048 2128 1275 2196 Macedoniam

239 2236 409 2316 devittam,
430 2247 468 2299 ut
489 2247 719 2321 argumentum
738 2236 887 2298 Fortuna
904 2226 1078 2298 Alexandri
1091 2247 1126 2298 et
1138 2233 1278 2300 Virtutis

238 2343 392 2407 Romane
411 2335 625 2425 objiciebant:
649 2335 684 2400 bi
704 2335 952 2417 contendebant,
967 2337 1082 2401 sortem
1096 2350 1209 2402 contra
1221 2359 1276 2403 ca·

238 2442 355 2521 suram,
378 2440 540 2505 Romanos
555 2437 658 2503 victos
678 2438 736 2503 sub
755 2438 927 2504 victoribus
946 2439 1069 2505 Graeoia
1084 2439 1210 2504 futuros
1223 2439 1276 2504 fu-

238 2543 304 2624 isse,
322 2543 342 2607 st
356 2538 538 2608 Alexander
552 2539 584 2604 in
599 2540 727 2605 ltaliam
742 2541 881 2606 venisset.
927 2542 1002 2606 Hoc
1024 2541 1110 2606 enim
1132 2541 1277 2607 Alexan·

239 2648 334 2714 dmm
360 2643 532 2724 destinasse,
555 2646 684 2709 constat.
730 2644 818 2710 Hinc
844 2645 967 2732 agitata
991 2645 1133 2733 quaestio,
1157 2645 1279 2734 quinam

238 2763 360 2817 eventus
376 2748 514 2814 Romanis
526 2747 623 2827 rebus,
632 2747 668 2831 ſs
678 2770 741 2812 eum
754 2746 931 2812 Alexandro
941 2747 1027 2835 foret
1047 2746 1202 2829 bellatum,
1212 2747 1277 2834 fn·

240 2867 324 2918 turus
331 2850 454 2939 fiterio
476 2871 573 2936 quam
590 2848 739 2937 elegante
757 2848 945 2936 digressione
959 2849 1075 2914 trattat
1090 2848 1199 2915 Livius
1215 2851 1276 2917 IX.

241 2972 293 3039 17.
313 2955 400 3041 sequ.
424 2975 484 3018 nec
506 2966 614 3017 tamen
633 2952 679 3017 ita
699 2951 856 3039 diligente
874 2965 908 3017 et
927 2974 1011 3031 vera,
1027 2973 1124 3039 quam
1140 2951 1280 3039 speciosa

238 3073 274 3123 et
288 3056 329 3121 ad
341 3059 558 3122 Romanomm
570 3054 694 3120 sensum
707 3054 899 3140 compofita:
915 3067 954 3118 ut
964 3053 1114 3120 verissime
1119 3054 1279 3142 judicavit

240 3156 485 3225 Sentiocruciua
505 3156 608 3220 noster
628 3156 661 3220 in
685 3156 828 3221 Censura
846 3155 1078 3222 Historicorum
1102 3157 1276 3223 Alexandri

239 3262 290 3325 M.
315 3281 348 3346 p.
369 3276 445 3346 479.
473 3272 506 3322 et
530 3280 588 3322 noa
615 3257 685 3323 aliia
709 3257 808 3324 etiam
833 3258 958 3324 indiciis
981 3257 1277 3340 animadvertimus,

237 3386 311 3452 quae
331 3382 419 3427 nunc
440 3359 598 3446 explicare
620 3359 665 3424 nil
687 3360 815 3426 attinet.
861 3360 947 3426 lllud
962 3361 1116 3427 monuisse
1133 3363 1206 3428 satia
1220 3364 1276 3445 est,

239 3463 402 3530 Plutarchi
421 3462 530 3529 animo
547 3477 581 3527 et
600 3463 743 3529 moribus
759 3464 939 3552 congruisse
957 3464 1020 3529 hoc
1034 3477 1277 3551 argumentum,

237 3565 294 3654 qui
307 3565 427 3653 ubique
440 3562 576 3630 studium
593 3564 722 3630 tuendae
737 3565 850 3631 veteris
866 3567 1055 3631 Graeoorum
1069 3565 1189 3631 Gloriae
1202 3588 1278 3653 pro·

237 3669 367 3748 litetur..
402 3670 444 3733 Et
465 3665 592 3731 monuit
613 3680 688 3732 ante
711 3690 770 3733 noa
794 3669 838 3733 H.
859 3667 1050 3734 Dodwellus
1066 3667 1100 3732 in
1120 3666 1277 3733 Disserta-

236 3769 325 3843 ticne
349 3767 422 3834 libri
448 3766 628 3834 Plutarchei
649 3768 747 3854 spurii
770 3770 822 3835 De
845 3769 1060 3850 Fluminibus,
1086 3768 1277 3857 Geograph.

237 3872 359 3937 Minor.
373 3873 413 3938 T.
430 3872 475 3936 ll.
490 3893 524 3959 p.
543 3890 616 3956 109.
638 3870 732 3958 cujus
749 3871 946 3937 eruditissimi
961 3873 1017 3938 viri
1033 3872 1224 3938 sententiam
1239 3885 1279 3938 ut

195 3996 206 4019 ⁴
236 3975 378 4039 universe
392 3975 498 4039 minua
513 3974 697 4061 probamus,
713 3973 758 4038 ita
773 3974 849 4040 huic
870 3975 954 4063 parti
976 3974 1199 4041 subscribimus
1220 3975 1278 4040 ubi

236 4074 302 4141 aitr
320 4075 388 4139 “in
400 4075 455 4140 illa
469 4078 659 4162 Graecorum
674 4077 957 4164 Romanorumque
968 4076 1173 4142 aemulatione
1185 4079 1279 4142 Gra·-

237 4185 262 4221 “
276 4199 386 4243 carum
413 4178 553 4265 partium
579 4178 809 4244 studiosrslimus
837 4194 905 4245 erat
932 4180 1134 4259 Plutarchus.
1180 4182 1279 4246 Hanc

237 4289 261 4322 “
277 4280 331 4347 ille
346 4280 504 4360 κακοηθείαν
518 4281 551 4345 in
567 4280 738 4348 Herodoto
753 4281 959 4370 reprehendit
972 4282 1059 4371 ¹quod
1075 4282 1153 4348 alios
1167 4284 1276 4348 rerum
