2714 4770
238 341 295 436 *⁹⁶
393 333 1139 400 D.W.ANutADV.mPLUTARcH1Lm.

251 499 334 567 tium
355 500 400 565 est
419 497 612 587 cognoscere
633 495 720 583 apud
738 495 881 562 Dionem
902 496 1018 584 Chrys.
1037 495 1096 561 Or.
1110 495 1236 560 LXIII.
1251 517 1285 584 p.

248 618 325 692 591.
344 603 386 684 C,
401 603 446 668 D.
461 614 495 667 et
510 599 670 681 Galenum
684 600 718 664 in
734 598 942 685 Protreptioo,
956 621 1028 685 cap.
1043 599 1090 663 II.

290 707 368 793 318.
382 706 422 769 Β.
445 710 561 778 Παῦλος
581 701 878 790 Αἷμυλιοςφᾶτρωτον
901 703 1021 790 στρατὸν
1041 700 1120 786 ἄγων
1132 702 1190 765 ’καὶ
1212 700 1285 779 altrat

75 797 81 806 ⁵
128 818 133 824 ’
246 810 381 898 ἄδακρυν]
406 811 481 874 Hoc
495 808 723 874 declamatorie
739 808 843 896 magis
857 807 980 874 diuum
996 829 1093 895 quam
1108 829 1200 871 vere:
1218 828 1281 871 non

246 913 346 984 modo
367 912 432 1000 ipse
455 911 642 978 Plutarchus
662 911 696 976 iu
709 911 844 977 AEmilio
864 910 963 976 Paulo
978 931 1011 996 p.
1027 910 1101 977 268.
1117 911 1163 974 E:
1186 916 1242 973 τῶν
1256 911 1283 973 rt

244 1015 388 1100 Ῥωμαίων
401 1014 496 1080 ἔασον
508 1015 545 1090 ὥς
553 1014 607 1096 pb
624 1013 804 1090 Ποσειδώνιος
815 1015 906 1097 φησὶν,
915 1008 1031 1092 'traria
1047 1014 1081 1087 ὥς
1095 1012 1123 1074 li
1137 1016 1282 1092 Νασικᾶς,

135 1198 139 1206 ¹
245 1119 423 1205 ὀγδοήκοντα.
450 1116 559 1182 Livius
581 1118 704 1182 XLIV.
722 1135 787 1198 42²
813 1141 849 1181 err
867 1116 1026 1181 vilioribus
1046 1113 1206 1179 ceciderim!
1227 1137 1284 1176 non

243 1220 312 1311 plus
332 1231 457 1284 centum.
502 1219 554 1284 Sic
572 1230 606 1285 et
623 1219 797 1304 Eutropius
812 1220 871 1283 IV.
887 1235 919 1303 7.
958 1216 1053 1283 Pauci
1075 1214 1204 1302 quidem
1226 1235 1283 1300 pro

244 1320 454 1388 multitudine
468 1320 618 1386 hostium.
645 1321 710 1388 Sed
724 1321 843 1408 ἄδακρυς
857 1319 915 1399 νίκη
929 1320 1048 1386 dicitur
1061 1319 1093 1383 in
1109 1339 1172 1406 qua
1185 1339 1283 1381 nemo

244 1445 285 1489 ex
296 1423 579 1515 -vibtorelexercitu
595 1423 702 1490 cadit:
723 1423 827 1512 qualis
841 1424 904 1489 fuit
917 1421 1107 1488 Archidami
1122 1421 1163 1487 de
1176 1421 1283 1486 Arca·

242 1525 350 1607 dibur,
363 1525 405 1591 de
419 1547 486 1613 qua
500 1525 562 1591 hoo
577 1547 696 1591 nomen
714 1526 864 1592 adhibuit
879 1524 1067 1605 Omonluur,
1083 1537 1120 1589 ut
1134 1524 1179 1589 est
1193 1522 1281 1612 apud

239 1628 379 1695 Diodor.
400 1628 465 1694 Sic.
482 1629 559 1694 XV.
580 1645 634 1713 72.
656 1642 690 1694 et
711 1629 790 1695 alios
809 1629 925 1695 citatos
944 1627 1085 1695 Meutfio
1098 1627 1151 1693 De
1168 1629 1290 1714 Regno.

242 1731 361 1799 Iaoed.
377 1733 470 1798 XIX.
486 1753 520 1819 p.
537 1734 591 1814 84.

150 1848 153 1859 '
284 1835 360 1922 318.
382 1837 422 1900 Β.
444 1834 593 1911 Μέτελλος
614 1841 628 1900 l
649 1834 848 1921 Μακεδονικός]
874 1835 990 1902 Cicero
1004 1833 1073 1901 lin.
1088 1834 1132 1900 V.
1150 1846 1189 1916 27
1204 1857 1213 1896 t
1238 1831 1279 1918 Q.

241 1937 387 2003 Metellus
412 1951 471 2004 tres
485 1939 576 2028 filios
597 1938 732 2026 Conſsdes
757 1939 850 2020 vidit,
873 1963 888 2002 e
909 1938 1010 2027 quibus
1030 1960 1120 2002 unum
1142 1935 1232 2000 etiam
1253 1947 1281 1999 et

240 2041 379 2127 unform
399 2040 683 2131 et'triumpbantem,
705 2053 842 2129 quartum
863 2052 960 2105 autem
974 2041 1145 2104 Praetorem.
1184 2036 1280 2102 Tusc.

141 2131 147 2138 ’
241 2143 270 2209 1.
284 2162 339 2228 35.
372 2142 769 2228 velleiusPat.1.11,7=
797 2143 918 2207 Mortui
931 2144 993 2231 qu.
1007 2139 1160 2228 (Meretri)
1177 2138 1280 2205 uuum

234 2257 290 2332 pro
302 2244 588 2334 mstrissustulemnr
601 2244 813 2334 quabrorfilr'r'r
827 2268 903 2309 unus
916 2245 1076 2332 corfitlaris
1090 2256 1118 2307 et
1127 2243 1279 2329 tersorio,

240 2345 319 2410 ulter
331 2346 500 2434 consularis,
514 2347 618 2412 terrim
631 2347 741 2436 corfirl,
761 2359 886 2435 quartus
903 2348 1080 2412 candidatus
1093 2342 1277 2431 torsulatus:

241 2466 325 2536 quem
339 2450 471 2514 bonorm
485 2449 607 2536 adeptio
621 2446 671 2533 est.
715 2448 781 2513 Hor
793 2447 833 2534 est
845 2448 983 2513 nimirum
997 2445 1232 2535 magisfiliciter
1244 2448 1280 2511 de

240 2552 306 2616 vita
320 2552 448 2638 migrare
460 2575 549 2639 quam
561 2550 645 2627 mori.
674 2550 821 2616 Valerius
836 2551 926 2616 Max.
939 2550 1019 2616 VII.
1034 2570 1063 2628 1,
1078 2568 1130 2612 11.
1160 2548 1279 2613 Plinius

239 2653 322 2719 Hist.
338 2656 417 2719 Nat.
431 2654 510 2720 VII.
528 2673 564 2718 11
581 2666 616 2718 et
629 2673 683 2739 45.
727 2653 781 2718 Ad
801 2653 873 2719 illos
892 2652 982 2719 locor
1001 2651 1207 2719 consulantur
1225 2653 1276 2718 in·

240 2765 397 2842 terpretea
408 2767 442 2820 et
457 2755 661 2820 Burmannus
673 2753 714 2821 de
724 2756 902 2819 Stemmata
915 2753 1126 2819 Metellorum
1141 2754 1183 2820 ad
1198 2754 1275 2820 Vel·

238 2857 292 2925 lei.
310 2859 379 2922 Pat.
396 2858 440 2922 II.
453 2876 492 2942 3:
513 2857 681 2945 nostraque
694 2868 808 2922 notata
821 2856 862 2921 ad
876 2856 974 2944 hujus
987 2856 1277 2944 Apophthegrnata

238 2980 273 3047 p.
288 2979 363 3027 201.
379 2962 415 3024 F.

281 3063 358 3148 318.
380 3061 421 3126 C.
440 3064 576 3144 Αίμῦλιος
595 3061 738 3150 Σκαῦρος]
761 3061 864 3148 Atqui
886 3060 949 3126 fuit
970 3082 989 3125 e
1009 3071 1107 3148 gente
1128 3059 1274 3141 AEmiIiA,

236 3163 370 3252 patricia
388 3162 546 3249 majorum
564 3164 726 3251 gentium.
770 3163 922 3229 Aurelius
934 3163 1057 3228 Vrbi0r.
1073 3164 1126 3230 De
1138 3164 1211 3230 Vir.
1228 3163 1275 3228 ll·

191 3283 194 3286 ’
237 3265 326 3331 lustr.
350 3266 494 3331 LXXIlt
523 3265 575 3330 M.
595 3264 742 3330 AEmilius
764 3266 893 3330 Scaurus
913 3264 1028 3346 nobilis,
1046 3280 1162 3354 pauper
1170 3292 1183 3346 ,·
1205 3289 1276 3330 narn

232 3379 322 3457 pater
335 3366 394 3456 q'us
408 3366 543 3456 quam
552 3369 696 3455 patriciu
710 3368 744 3433 ob
754 3379 958 3456 paupertatem
972 3368 1179 3433 carbonarium
1188 3391 1276 3455 ocgo-

236 3471 312 3537 tium
325 3470 489 3556 exaruit<
504 3469 619 3536 Cicero
633 3471 691 3537 Or.
710 3473 770 3536 Pro
784 3472 945 3551 Muraena,
961 3491 996 3555 7:
1021 3471 1151 3536 Scaums
1165 3494 1274 3535 memo·

235 3575 315 3640 dam
322 3587 410 3663 prope
424 3565 644 3639 intermortuam
651 3574 827 3662 gmerissui
838 3574 952 3638 virtute
963 3574 1131 3649 renouauit.
1154 3572 1274 3639 Similis

237 3675 300 3741 fuit
314 3675 408 3763 origo
425 3688 460 3740 et
476 3696 557 3763 gens
571 3678 611 3741 L.
629 3675 770 3742 Cornelii
791 3674 909 3741 Sullae:
932 3690 971 3741 ut
992 3675 1112 3740 constat
1134 3696 1174 3740 ex
1196 3673 1272 3739 Plu·

236 3778 350 3845 tarcho
363 3777 397 3842 in
412 3776 493 3863 Ejus
507 3777 594 3845 Vrtae
614 3777 708 3843 initio
729 3800 763 3864 p.
777 3796 853 3863 451.
869 3776 909 3856 C,
924 3777 969 3842 D.
1012 3774 1208 3863 Hujusmodi
1226 3774 1274 3839 vir

236 3901 278 3945 an
297 3878 424 3966 proprie
444 3879 547 3946 diuus
562 3880 599 3945 fit
610 3881 691 3944 bomo
705 3903 810 3960 novas,
824 3881 913 3954 καινὸς
927 3876 1071 3966 ἄνθρωπος,
1086 3876 1273 3943 subdubito.

235 3980 378 4068 Princeps
405 3981 532 4046 Senatus
561 3981 695 4048 subinde
720 3979 988 4069 cognominatur:
1021 3978 1117 4044 veluti
1143 3977 1274 4044 Valerio

236 4082 327 4148 Max.
343 4083 439 4149 VIII.
453 4097 487 4169 5,
502 4102 533 4151 2.
567 4082 708 4150 Asconio
728 4082 804 4148 Pod.
824 4082 857 4147 in
871 4082 1076 4170 Argumento
1093 4080 1164 4147 cic.
1180 4081 1272 4147 Orat.

116 4247 122 4259 ,
222 4184 298 4266 *Pro
312 4183 363 4248 M.
379 4185 510 4250 Scauro.
542 4183 666 4254 Graecia
679 4184 713 4250 in
727 4175 816 4250 moia
830 4186 979 4251 Romano
999 4180 1205 4271 fignificando
1218 4181 1272 4248 di·

234 4284 319 4355 citur
331 4286 537 4373 amplorum
545 4292 594 4366 τῆς
606 4293 720 4374 βουλῆς,
731 4287 816 4374 apud
829 4287 1034 4354 Plutarchum
1045 4284 1158 4352 AEmil.
1171 4284 1272 4352 Paulo
