2714 4770
235 369 289 411 rra
371 349 410 410 D.
433 349 481 408 W.
502 348 698 408 ANlMADV.
719 349 764 407 lN
786 347 1021 408 PLUTARCHl
1040 348 1119 408 Llll.

67 483 71 491 .
90 498 92 502 ¹
229 484 293 578 Sed
312 509 396 586 idem
417 507 596 573 institutum
609 507 715 573 tenuit
730 507 914 573 Aristoteles
928 521 962 573 et
974 461 1267 594 Theophrastum.

229 614 281 678 De
295 611 346 676 his
359 609 474 674 Theon
490 609 636 696 Sophiste
651 609 684 673 in
700 610 875 698 Progymn.
891 608 972 694 Cap.
990 610 1034 673 ll.
1050 631 1083 696 p.
1096 628 1156 682 ao:
1171 637 1265 699 παρα·

154 779 159 786 ,
228 714 370 799 θεθγμωτοι
388 715 417 776 δὲ
431 718 479 791 τῆς
492 721 546 776 τῖον
561 711 657 776 θέσεων
671 712 830 798 γυμνασίας
845 715 943 791 λαβεῖν
960 715 1020 776 ἐστὶ
1038 710 1116 798 ταρά
1136 739 1168 776 τε
1186 714 1267 800 Ἀρι·

228 817 375 891 στοτέλους
393 817 441 880 καθ
462 815 655 902 Θεοφράστου·
678 819 772 879 πολλοὶ
785 814 843 902 γάρ
858 818 932 878 ἐστιν
946 818 1036 879 αὐτῶν
1048 813 1154 894 βιβλθα
1170 815 1268 881 θέσεων

224 919 446 1008 θτιγραφόμενα.
491 919 565 983 Huc
588 918 726 1004 pertinet
744 917 825 982 illud
844 916 1042 1004 Hippolochi
1056 917 1143 1003 apud
1159 918 1267 986 Athe·

230 1043 336 1086 naeum
361 1022 419 1085 IV.
443 1042 477 1108 p.
496 1040 568 1106 130.
593 1023 638 1084 E:
663 1021 778 1084 arauris
800 1019 989 1102 εὐδαιμονίζεις
1009 1025 1061 1094 τοὶς
1083 1019 1268 1103 Θεοφράστου

229 1121 314 1198 θέσεις
327 1121 443 1186 άκοέων.
475 1121 528 1187 Sic
542 1122 574 1185 in
591 1120 768 1186 Academia
781 1126 829 1199 τὴν
845 1119 916 1185 θέσιν
929 1127 979 1185 τοῦ
992 1120 1180 1207 Ξενοκράτους
1193 1125 1268 1210 νέρτ-

229 1225 307 1299 κθτος
326 1221 411 1310 apud
434 1221 642 1291 Plutarchum
657 1223 830 1310 Apophth.
846 1225 967 1288 Lacon.
982 1244 1015 1309 p.
1032 1242 1105 1290 220.
1122 1224 1167 1288 D.
1212 1223 1269 1289 Li·

229 1329 305 1395 bros
321 1325 417 1389 licum
433 1323 614 1406 Aristotelis
635 1347 673 1390 ac
690 1324 899 1412 Theophrasti
915 1346 936 1389 a
948 1325 1120 1391 Veteribus
1140 1320 1267 1392 memo·

105 1430 107 1437 ’
228 1440 315 1494 ratos
330 1427 426 1492 refert
442 1426 604 1493 Fabricius
619 1427 657 1492 B.
673 1427 717 1493 G.
734 1427 779 1491 ΙΙ.
795 1448 828 1514 p.
841 1447 913 1514 191,
930 1446 1005 1514 249.
1049 1427 1155 1492 Etiam
1178 1427 1267 1493 sum·

229 1551 293 1594 mre
306 1542 340 1593 et
353 1528 536 1616 argumenti
551 1528 724 1593 brevissima
734 1526 919 1609 declaratio,
931 1542 970 1594 ut
983 1527 1144 1616 hodieque
1159 1529 1199 1593 fic
1213 1552 1270 1594 an-

229 1631 365 1718 tiquitus
386 1630 553 1697 dicebatur
572 1630 686 1697 thasra:
711 1629 808 1695 veluti
822 1630 885 1696 illae
899 1630 1087 1718 quaesliones
1102 1631 1268 1698 Ciceronis

228 1733 507 1820 Attic.1x.4‚9.
742 1791 745 1796 .
884 1743 887 1749 '

271 1837 348 1922 328.
364 1835 403 1901 C.
427 1834 554 1921 Κριτθαι,
568 1838 762 1919 Ἀλκιβιάδαι,
778 1839 998 1922 Κλειτοφῶντες]
1014 1837 1146 1926 Dialogi
1163 1839 1269 1904 Plato-

230 1937 279 2004 nis
297 1939 419 2005 exstant
437 1939 554 2006 horum
577 1940 718 2028 inseripti
741 1941 946 2007 nominibus:
965 1942 1036 2010 duo
1055 1940 1176 2029 priores
1191 1939 1269 2006 clari

199 2032 204 2042 ⁴
230 2043 304 2110 sunt
318 2043 478 2125 homines,
491 2044 577 2109 tertii
590 2044 754 2110 obscurior
766 2044 811 2109 est
825 2045 920 2110 fama.
1100 2102 1103 2110 ,

270 2147 348 2234 328.
361 2147 401 2212 C.
413 2147 794 2233 Ι’ΐρκοινοὺς-κοιτεσθθουσι]
812 2147 935 2213 Dubito
947 2170 986 2212 an
998 2147 1069 2213 hoec
1082 2145 1123 2212 de
1138 2145 1269 2234 singulis

148 2243 153 2257 ’
230 2248 358 2337 populis
373 2247 522 2340 historica
534 2248 703 2335 diligentia
717 2248 984 2335 pronunciemus.
1014 2247 1112 2337 Quod
1128 2247 1268 2336 Sogdia-

90 2389 92 2392 >
228 2353 278 2418 nis
299 2364 334 2416 et
350 2349 480 2438 Scythis
501 2350 564 2416 hoc
587 2350 661 2416 loco
684 2351 846 2430 tribuitur,
870 2349 994 2438 Caspiis
1015 2349 1130 2415 tribuit
1153 2350 1269 2415 Strabo

230 2455 292 2519 Xl.
308 2475 342 2540 p.
359 2453 434 2538 787.
450 2454 493 2519 A.
518 2453 713 2541 Porphyrius
731 2454 784 2519 De
799 2454 995 2520 Abstin.1V.
1013 2472 1073 2520 21:
1098 2457 1269 2540 ἴστοροῦνται

227 2565 295 2644 γοῦν
311 2556 509 2644 Μασσαγέται
530 2558 578 2622 καθ
597 2557 731 2641 Δέρβικες
752 2558 938 2633 ἀθλιωτάτους
956 2557 1081 2643 ἡγεῖσθαι
1096 2564 1151 2622 τῶν
1164 2555 1268 2622 οἰκιέων

228 2661 290 2735 τοὺς
304 2659 477 2743 αὐτομάτους
491 2660 720 2739 τελευτήσαντας·
741 2662 780 2724 us
795 2661 842 2724 καθ
858 2660 1009 2744 φθάσαντες
1024 2658 1207 2724 καταθθουσιν
1219 2660 1267 2724 καθ

228 2767 373 2826 ἑστιῶνται
391 2768 446 2826 τῶν
462 2761 604 2845 φιλτάτων
623 2763 685 2837 τοὺς
703 2761 908 2849 γεγηρακθτας.
952 2762 1100 2850 Τιβαρηνοὶ
1120 2762 1147 2824 li
1167 2764 1269 2844 ζῶντας

227 2864 494 2952 κατακρημνθζουσνν
506 2867 567 2940 τοὺς
581 2867 733 2952 έγγυτάτοο
747 2864 889 2951 γέροντας.
933 2865 986 2930 De
1000 2863 1188 2952 Massagetis
1197 2863 1269 2952 jam

163 3022 166 3029 .
229 2968 418 3034 Herodotus
439 2971 466 3033 1.
489 2970 563 3034 216.
585 2966 682 3054 paulo
703 2966 833 3048 diverse,
852 2982 960 3032 tamen
981 2966 1158 3055 significans
1176 2979 1210 3033 et
1228 2964 1269 3031 de

229 3070 280 3135 his
302 3070 447 3135 moribus
468 3090 524 3133 eos
542 3092 562 3134 a
579 3069 702 3134 Graecis
722 3091 889 3156 perperam
914 3069 956 3135 ad
978 3068 1115 3157 Scythas
1137 3067 1266 3133 referri:

228 3176 242 3234 θ
261 3174 319 3256 γὰρ
341 3171 453 3244 Σκύθας
472 3170 541 3252 φασὶ
556 3168 695 3246 Ἓλληνες
714 3170 822 3249 τοιέειν,
841 3174 872 3234 οὐ
890 3169 997 3238 Σκιέθαι
1018 3172 1070 3234 εθσθ
1092 3175 1116 3235 ol
1136 3168 1270 3244 ποιέοντες

227 3276 307 3336 ἁλλὰ
321 3271 659 3356 Messapiae-’ratolt
672 3272 700 3336 ll
713 3275 802 3360 γέρων
815 3272 929 3357 γένηται
943 3274 1036 3360 κάρτα
1050 3279 1074 3337 ol
1087 3271 1270 3362 προσήκοντές

205 3379 252 3446 Ιοθ
272 3373 371 3446 πάντες
392 3373 562 3448 συνελθθντες
582 3372 674 3438 θέουσθ
691 3399 751 3456 μιν,
774 3376 822 3438 καθ
844 3373 923 3440 ἄλλα
944 3376 1074 3464 πρόβατα
1095 3374 1157 3457 ἅμα
1178 3377 1267 3459 αὐτῷ·

227 3477 380 3555 θιθιῆσαντες
391 3477 418 3539 li
432 3481 470 3540 ταὶ
485 3472 566 3565 κρέα,
581 3477 814 3564 κατευωχέονται.
842 3483 943 3542 Ταῦτα
953 3480 1004 3560 μὲν
1014 3480 1043 3557 δὴ
1053 3483 1092 3542 τοὶ
1105 3476 1269 3557 θλθιάτατά

227 3598 277 3663 σφι
303 3578 469 3660 νενόμισται.
511 3581 568 3642 Tu
594 3582 621 3642 li
647 3579 733 3666 νούσῳ
755 3581 964 3659 τελευτήσαντα
988 3585 1017 3645 οὔ
1040 3580 1267 3659 κατασιτέονται,

225 3687 305 3748 ἀλλὰ
326 3686 364 3769 γῇ
388 3681 592 3770 κρέκτουσι-.
639 3683 776 3747 Fortasse
798 3705 837 3770 ex
858 3684 971 3748 eodem
988 3685 1092 3771 capite
1108 3684 1271 3748 fluxerunt

226 3806 299 3871 quse
320 3782 354 3847 in
373 3782 437 3847 hoc
453 3782 615 3848 Plutarchi
629 3783 703 3848 loco
716 3782 757 3848 de
773 3784 953 3850 Arachofiis
967 3798 1001 3849 et
1016 3783 1178 3875 Hyrcanis
1194 3805 1269 3848 nar·

226 3900 357 3963 rantur;
383 3883 535 3970 fiquidem
562 3884 762 3963 Herodotus,
785 3887 1002 3973 promiscuum
1026 3909 1100 3952 cum
1126 3886 1273 3952 mulieri·

226 3987 287 4051 bus
301 3986 441 4051 coeundi
450 3988 542 4052 usum
554 4001 585 4051 et
598 3986 739 4071 σπείρουσι
750 3988 777 4050 δὲ
791 3989 874 4068 οὐδὲν,
885 3991 964 4053 ἀλλὰ
974 3990 1029 4053 ἀπὸ
1041 3988 1157 4068 κτηνέων
1169 3987 1270 4070 ζώουσι

225 4089 273 4152 καὶ
287 4087 398 4174 θχθθων,
412 4088 488 4153 item
502 4088 543 4154 de
556 4088 741 4175 Massagetis
753 4087 844 4155 dicit.
873 4091 926 4155 De
942 4089 1126 4177 Massagetis
1136 4104 1170 4155 et
1181 4092 1271 4157 Der·

223 4188 352 4255 bicibus
372 4189 482 4254 eadem
498 4213 537 4255 ex
553 4189 730 4277 Porphyrio
751 4190 848 4256 refert
867 4191 1087 4280 Hieronymus
1109 4190 1192 4257 Adv.
1206 4193 1269 4259 Jo-

225 4291 342 4358 vinian.
365 4293 408 4357 11.
424 4313 458 4379 p.
473 4310 529 4379 53.
550 4295 590 4359 E.
627 4292 851 4361 Theodoretus
871 4297 976 4361 Senn.
998 4296 1057 4359 lx.
1078 4317 1112 4381 p.
1128 4296 1204 4380 615.
1224 4298 1271 4362 A.
