2714 4770
169 787 523 886 numetis
572 708 1196 886 WYTTENuAcmr

352 1085 977 1177 Aulunnvnusronns
1013 1062 1020 1078 '

269 1293 349 1439 'm
382 1343 757 1441 Ptunnncm
786 1337 1058 1487 'cinnum
1122 1470 1125 1480 ¹

356 1580 358 1584 '
403 1605 466 1669 nn
490 1606 617 1687 1s1nn
640 1605 714 1714 nn.
728 1605 928 1672 0s1n1nu.

528 1856 811 1935 4-4-

152 2094 473 2207 Puurnncuus
504 2141 592 2206 hunc
619 2141 737 2206 mrum
761 2140 879 2227 scripfit
903 2125 1115 2227 nuptum
1138 2141 1189 2221 ine

152 2242 311 2330 telligitur
331 2265 371 2325 cx
384 2240 461 2331 'ejus
483 2243 586 2309 verbis
608 2267 640 2331 p.
655 2245 731 2330 378.
748 2244 789 2309 C.
810 2257 843 2309 et
863 2242 979 2331 scripfit
997 2243 1038 2309 ad
1064 2244 1188 2323 Cleam,
1268 2296 1271 2301 .

151 2345 300 2425 amicam,
326 2346 494 2411 mulierem
518 2346 605 2411 haud
628 2345 804 2427 indoctam,
826 2345 1038 2433 eamdemque
1059 2345 1190 2433 religio-

153 2448 231 2526 sam,
248 2447 368 2534 quippe
390 2448 476 2513 Ifidis
495 2463 530 2514 et
548 2448 679 2514 Otiridis
698 2448 794 2513 sacris
808 2448 878 2536 jam
894 2448 1111 2535 aparentibus
1127 2447 1191 2512 ini·

153 2549 277 2628 tiatam,
304 2571 342 2614 ac
366 2551 550 2637 Thyiadum
579 2550 809 2616 Bacchicamm
831 2551 968 2637 Delphin
995 2550 1192 2637 principem3
1305 2588 1308 2595 ,

155 2649 209 2715 cui
229 2651 308 2715 item
329 2651 484 2737 inseripfit
504 2651 621 2716 libmm
640 2653 689 2715 De
706 2650 873 2716 Virtutibus
887 2650 1065 2732 Mulierum,
1081 2664 1119 2715 ut
1134 2672 1193 2715 no-

155 2752 294 2816 tavimus
318 2752 359 2816 ad
383 2774 416 2838 p.
438 2772 511 2833 242.
532 2755 571 2832 E,
593 2756 628 2818 F.
651 2768 727 2838 351.
751 2755 792 2816 E.
838 2752 1012 2818 Confilium
1034 2750 1194 2838 scriptoris

157 2853 283 2918 videtur
301 2853 401 2932 fuiffe,
421 2867 458 2918 ut
479 2854 616 2920 amicam
638 2853 679 2918 de
698 2854 816 2918 homm
834 2853 1066 2941 AEgyptiorum
1085 2853 1193 2918 numi·
1232 2866 1235 2870 ⁴

158 2977 237 3050 num
259 2969 332 3018 ortu
358 2968 392 3019 et
413 2955 504 3020 cultu
529 2956 661 3035 saniora,
684 2977 781 3041 quam
808 2976 880 3041 quae
902 2954 1000 3041 vulgo
1023 2953 1195 3033 ferrentur,

128 3078 136 3093 ·
157 3056 299 3135 doceret,
316 3057 569 3145 religionemque
591 3056 770 3123 fabulamm
786 3055 904 3122 delitiis
919 3056 1194 3122 caerimoniarum-
1335 3132 1338 3139 1

158 3182 220 3246 quc
234 3158 364 3245 ineptiis
379 3160 509 3225 mirifice
522 3159 733 3225 deformatam
749 3174 784 3226 et
795 3159 882 3247 apud
897 3158 1118 3247 prudentiores
1133 3159 1194 3223 ho·
1228 3214 1231 3219 ⁴

159 3264 261 3329 mines
275 3266 308 3328 in
322 3278 525 3331 contemtum
541 3265 724 3345 adductam,
738 3265 801 3331 istiu
815 3265 922 3354 quoad
934 3264 1002 3352 ejus
1016 3264 1083 3331 fieri
1097 3264 1197 3351 poffet
1254 3316 1257 3326 ,

113 3444 115 3448 ³
159 3365 304 3430 sordibus
324 3379 488 3453 purgaret,
508 3367 661 3453 omnique
682 3366 847 3433 literamm
868 3382 902 3433 et
920 3365 1130 3453 philosophice
1144 3367 1197 3432 in·

161 3468 334 3533 strumento
349 3468 391 3534 ad
406 3469 541 3535 historiae
555 3469 663 3548 fidem,
679 3469 984 3549 naturaeuationem,
999 3469 1198 3557 dignamque

163 3569 330 3634 divinitate
352 3569 487 3655 speciem
510 3570 708 3637 reformaret.
751 3570 851 3659 Quod
869 3593 909 3636 an
932 3570 1139 3658 probabiliter
1157 3568 1198 3634 ad

155 3670 316 3759 judicium
343 3669 509 3735 doctorum
532 3670 700 3736 hominum
726 3672 848 3753 fecerit,
872 3673 978 3759 postea
999 3671 1196 3736 videbimus:

163 3772 245 3839 illud
267 3794 333 3865 non
355 3772 399 3835 est
420 3771 647 3854 dubitandum,
671 3773 749 3860 quin
775 3774 851 3839 huic
877 3774 1047 3839 obsecutus
1072 3770 1201 3836 consilio

162 3875 280 3962 librum
299 3873 476 3938 confecerit
490 3875 543 3960 qui
558 3874 710 3941 doetrinae
725 3875 816 3961 copie
830 3888 864 3940 et
879 3875 1030 3940 varietate
1046 3896 1111 3949 non
1129 3876 1216 3948 mo·‘¹
1247 3915 1250 3921 .

163 3976 207 4041 do
221 3976 254 4040 in
268 3975 481 4040 eruditiffimis
495 3975 716 4062 Antiquomm
737 3976 899 4062 operibus,
915 3976 969 4042 sed
984 3976 1018 4040 in
1032 3975 1201 4064 praecipuic

166 4079 264 4142 etiam
278 4099 385 4141 rerum
400 4077 665 4164 AEgyptiaearum
682 4091 823 4144 vetemm
842 4079 984 4143 fontibus
1004 4078 1123 4144 censeri
1141 4076 1200 4144 de·

165 4181 251 4244 beat.
300 4181 415 4245 Veteres
436 4192 545 4244 autem
564 4201 613 4244 res
631 4177 769 4244 dicimus
784 4202 849 4260 eas,
863 4203 936 4267 quae
956 4181 1089 4245 fuerunt
1103 4179 1202 4244 stante

168 4270 281 4366 regno,
304 4280 442 4346 necdum
458 4303 477 4346 a
492 4280 588 4345 Persic
609 4280 751 4360 subacto,
766 4281 835 4346 etsi
853 4281 1003 4368 quedam
1019 4303 1129 4346 earum
1145 4280 1202 4345 sub
1296 4271 1304 4286 '
