2714 4770
255 352 296 432 ιι
396 355 436 416 n.
457 351 506 416 w.
527 354 726 417 ιιιιιιιιιιιν.
746 350 1147 418 marmannorum.

292 537 325 604 p.
344 516 419 585 280.
434 516 479 582 A.
493 515 562 603 Εζκ]
580 515 690 604 Hujus
703 514 897 606 Quaslionia
912 528 1187 605 argumentumac
1198 514 1293 582 verba

251 619 391 707 reposuit
412 618 446 684 in
469 619 608 686 Romulo
622 630 724 708 p.'34.
740 620 784 686 A.
801 621 841 686 B.
874 619 1020 686 Liberem
1032 642 1052 684 a
1064 617 1200 709 ligando
1215 618 1292 701 dici,

249 721 348 788 tradit
366 722 497 788 Nonius
515 722 701 797 Marcellus.
723 740 757 811 p.
778 743 835 810 51.
862 735 896 789 et
919 722 1057 810 Valgius
1080 716 1186 788 Rufus
1205 721 1292 808 apud

251 824 395 890 Gellium
416 826 497 892 XII.
519 846 553 913 3.
575 848 677 914 eaque
699 825 825 892 caeteria
846 824 1051 914 probabilior,
1066 848 1204 913 quarum
1219 825 1291 890 duae

249 926 337 1014 apud
358 927 447 993 hunc
468 949 509 994 ex
528 929 647 994 Tirone
669 941 888 1017 apponuntur.
932 928 1115 1014 Alligareet
1128 928 1239 1016 ligare,
1251 951 1291 993 an

249 1027 366 1094 eodem
380 1029 470 1095 sensu
484 1041 580 1095 aetate
594 1052 632 1095 ao
651 1030 814 1117 probitate
829 1029 988 1109 differant,
1005 1028 1092 1095 haud
1114 1030 1209 1095 facile
1223 1029 1293 1095 dix·

248 1128 342 1195 erim.
377 1131 430 1198 De
449 1130 584 1218 antiquo
597 1133 691 1212 ληΐσιν
703 1130 871 1197 videantur
884 1131 916 1196 in
932 1130 1043 1218 primia
1058 1130 1293 1197 Valckenarius

250 1230 426 1298 Animadv.
451 1232 493 1297 ad
516 1235 673 1298 Ammon.
696 1235 743 1300 ΙΙ.
768 1236 819 1299 16.
841 1256 877 1322 p
902 1249 975 1318 145.
1000 1245 1034 1298 et
1061 1232 1227 1300 Piersonue
1251 1231 1293 1298 ad

116 1390 120 1399 .
251 1333 424 1421 Moerinp.
441 1348 516 1421 252.
533 1335 597 1423 seq.

295 1437 368 1504 280.
384 1435 423 1500 Β.
438 1435 506 1524 fast]
532 1437 711 1525 Aliquanto
732 1437 858 1504 brevius
881 1438 936 1505 sed
957 1438 1103 1529 pluribus
1127 1373 1208 1504 locis
1230 1436 1294 1503 hoc

249 1551 479 1626 argumentum
493 1538 683 1625 complexus
696 1539 980 1629 estinRomulop.
994 1560 1050 1627 31.
1065 1540 1105 1620 B,
1120 1542 1159 1605 E.
1181 1539 1296 1604 Numa

250 1661 285 1730 p.
301 1658 353 1727 72.
368 1643 409 1706 Ε.
431 1642 484 1707 De
498 1641 729 1728 Lupercalibus
742 1642 863 1708 multa.
880 1665 941 1708 nec
952 1658 1062 1708 tamen
1075 1640 1295 1728 omniahujun

250 1743 442 1833 Quaestionis
456 1743 563 1831 capita
577 1743 824 1831 pertractarunt.
862 1747 900 1811 In
916 1746 1012 1811 verbo
1023 1745 1154 1835 φεβςίγιν
1168 1743 1296 1809 videtur

204 1912 210 1922 „
250 1845 437 1936 fignificatio
450 1845 546 1912 iireffe
558 1847 832 1928 verbiverberare3
847 1860 887 1913 ut
897 1846 1091 1932 etfebmore,
1105 1845 1211 1934 (quod
1220 1846 1295 1912 No·

250 1950 323 2016 nius
336 1972 370 2038 p.
390 1968 464 2032 114,
477 1949 524 2015 ait
538 1948 664 2038 posttum
680 1965 864 2040 propurgarc
881 1965 917 2017 et
936 1950 1116 2040 patefacere)
1136 1963 1171 2014 et
1190 1949 1295 2013 verbe-

249 2077 318 2118 rare
338 2068 367 2118 a
379 2051 551 2118 Plutarcho
568 2052 726 2119 referatur
747 2051 788 2117 ad
809 2052 890 2118 illud
912 2053 1000 2139 quod
1020 2053 1113 2117 initio
1128 2051 1209 2116 dixit
1223 2053 1296 2116 καθ-

250 2155 397 2236 ικνούμενοι
419 2153 515 2216 σκότει
536 2162 591 2217 τῶν
611 2152 806 2232 ἀπαντώντων,
829 2165 863 2216 et
884 2152 1041 2238 repetitur
1061 2164 1253 2238 corruptum
1275 2175 1296 2216 a
1324 2222 1328 2228 ,

250 2254 400 2335 librariis,
409 2255 442 2318 σθ
455 2261 510 2318 τῶν
523 2262 632 2318 σκυτῶν
641 2254 695 2331 ἤθει
706 2253 901 2332 καθικνεῖσθαι,
915 2267 949 2318 et
962 2253 1189 2342 corrigendum
1202 2254 1252 2320 vel
1261 2256 1296 2318 ri

123 2414 126 2424 .
249 2365 305 2422 τῶν
318 2354 500 2420 ἀπαντώντων
521 2354 617 2418 σκύτει
639 2355 832 2419 καθικνεῖσθαι·
855 2355 904 2420 vel
917 2357 950 2418 σθ
965 2354 1063 2419 ἄλλων
1077 2355 1174 2420 σκότει
1193 2359 1221 2418 ἐν
1240 2355 1296 2434 ἤθει

251 2458 448 2536 καθικνεῖσθαι,
463 2456 535 2520 alios
556 2455 614 2520 ltro
630 2472 686 2546 per
690 2458 790 2545 jocum
803 2457 968 2524 verberare.
985 2459 1025 2523 sic
1042 2462 1068 2522 lv
1081 2458 1134 2536 ἤθει
1150 2456 1297 2545 usurpari

251 2560 474 2628 annotavimus
496 2580 530 2645 p.
554 2578 606 2626 20.
630 2562 668 2624 Ε.
698 2576 752 2644 72.
775 2560 813 2624 Β.
838 2576 892 2646 73.
910 2563 946 2626 P.
981 2561 1045 2627 Sed
1059 2558 1298 2626 emendationis

250 2665 409 2732 rationem
432 2685 496 2728 non
519 2661 704 2727 statuimus:
728 2662 941 2749 correptelam
960 2663 1079 2728 subesse
1096 2677 1186 2728 certo
1200 2676 1297 2728 tene·
1335 2718 1338 2728 ι

252 2792 338 2834 mua.
382 2768 434 2833 De
448 2787 529 2830 cane
543 2764 673 2829 villima
688 2766 830 2829 Hecates
840 2764 979 2829 diximus
991 2766 1111 2854 Quasi.
1127 2767 1224 2831 Rom.
1239 2763 1297 2844 νβ’.

249 2868 456 2937 Vocabulum
474 2868 731 2955 σερισκυλακισμθς
753 2866 785 2930 in
808 2866 922 2931 eadem
940 2889 975 2932 re
996 2866 1139 2953 ponitur,
1161 2865 1196 2931 in
1217 2865 1298 2932 Vita

254 2971 384 3039 Romuli
398 2993 432 3058 p.
447 2990 502 3057 31.
519 2971 558 3034 E.
575 2983 609 3034 et
624 2969 765 3056 pertinet
781 2969 847 3034 huc
862 2968 1053 3035 scholiastes
1065 2969 1233 3035 Theocriti
1247 2968 1296 3034 11.
1313 3058 1316 3075 ι

256 3095 308 3144 12
479 3120 482 3124 ,

298 3176 372 3243 280.
390 3173 431 3239 C.
445 3172 510 3261 Εθ.]
535 3176 639 3240 Varro
657 3174 709 3239 De
730 3173 826 3261 Ling.
848 3175 921 3239 lat.
937 3175 981 3239 V.
996 3195 1030 3260 p.
1045 3194 1101 3261 49.
1138 3174 1246 3239 Fellue
1260 3174 1297 3239 in

256 3275 490 3365 Septimontium.

298 3379 372 3445 280.
389 3380 427 3442 E.
444 3377 493 3462 o'.]
518 3375 677 3442 Geminus
698 3378 742 3443 est
764 3376 927 3443 Plutarchi
949 3377 1072 3444 locus
1063 3402 1096 3443 ιιι
1119 3378 1301 3445 Coriolano

253 3504 287 3569 p.
314 3500 388 3565 225.
407 3479 452 3544 D.
479 3478 535 3544 ubi
560 3480 603 3545 est
627 3506 775 3570 mgrypa
799 3482 908 3568 prouti
929 3481 992 3548 hoc
1016 3481 1091 3547 loco
1115 3482 1296 3570 legendum

253 3585 381 3654 monuit
394 3585 426 3649 in
441 3585 539 3651 Notis
553 3585 730 3674 Xylander,
745 3600 780 3651 et
795 3587 875 3652 item
889 3586 990 3652 edidit
1002 3604 1015 3652 ι’
1034 3610 1109 3653 nam
1125 3587 1204 3653 Ald.
1222 3587 1296 3654 Bas.

251 3690 339 3758 Voss.
363 3688 485 3753 habent
508 3688 644 3776 σσῆςκτα,
663 3689 750 3776 quod
774 3689 867 3754 nihili
888 3691 950 3756 est:
974 3691 1120 3756 Venetus
1134 3692 1295 3776 στηρικτίιε

252 3807 287 3859 at
307 3792 454 3880 στήριγγα
473 3811 493 3852 a
512 3787 678 3875 Stephano
699 3790 754 3869 est,
777 3791 865 3878 quod
883 3804 916 3856 et
934 3812 1047 3880 margo
1065 3792 1153 3858 Voss.
1172 3793 1241 3874 dat,
1260 3807 1298 3860 et

252 3898 294 3976 Ε,
313 3897 359 3975 Η,
374 3892 528 3981 siquidem
544 3891 580 3956 hi
599 3891 708 3958 collati
727 3895 1047 3986 cumStephaniano
1067 3896 1228 3983 exemplo,
1249 3896 1297 3961 nil
1337 3953 1344 3959 .

252 3996 432 4061 attulerunt
444 3992 614 4060 varietatis.
644 3995 829 4082 Stephanus
844 4010 953 4062 tamen
969 3997 1002 4061 in
1017 3997 1111 4063 Thes.
1128 4000 1167 4062 L.
1185 4000 1244 4063 Gr.
1255 4000 1296 4064 T.

254 4098 283 4161 Ι.
298 4119 331 4183 p.
350 4098 444 4162 1811.
459 4097 498 4162 Β.
514 4095 749 4183 propemodum
765 4099 910 4185 στήριγμα
924 4101 1059 4185 probare
1073 4098 1211 4165 videtur.
1248 4100 1300 4165 At

252 4200 400 4285 σσήριγγα
421 4211 533 4264 tuetur
552 4200 592 4263 Τ.
616 4198 872 4265 Hemsterhufius
900 4200 940 4266 ad
966 4200 1129 4266 Pollucem
1151 4203 1195 4266 X.
1221 4221 1235 4265 ι
1238 4217 1297 4285 57.

255 4303 315 4369 Pro
335 4302 562 4391 νἰιιιγνονσμθνιιις
582 4301 754 4390 desperatos,
773 4302 884 4370 malim
898 4302 1141 4393 κατεγνωσμένους
1162 4305 1297 4371 eoadem·
