<?xml version="1.0" encoding="UTF-8"?>
<!DOCTYPE html PUBLIC "-//W3C//DTD XHTML 1.0 Transitional//EN"
    "http://www.w3.org/TR/xhtml1/DTD/xhtml1-transitional.dtd">
<html xmlns="http://www.w3.org/1999/xhtml" xml:lang="en" lang="en">
 <head>
  <title>
</title>
<meta http-equiv="Content-Type" content="text/html;charset=utf-8" />
  <meta name='ocr-system' content='tesseract 3.04.00' />
  <meta name='ocr-capabilities' content='ocr_page ocr_carea ocr_par ocr_line ocrx_word'/>
</head>
<body>
  <div class='ocr_page' id='page_1' title='image "./plutarchichaero25plutgoog_0035.png"; bbox 0 0 2714 4770; ppageno 0'>
   <div class='ocr_carea' id='block_1_1' title="bbox 252 334 1134 440">
    <p class='ocr_par' dir='ltr' id='par_1_1' title="bbox 252 334 1134 440">
     <span class='ocr_line' id='line_1_1' title="bbox 252 334 1134 440; baseline -0.003 -2"><span class='ocrx_word' id='word_1_1' title='bbox 252 381 289 440; x_wconf 76' lang='lat'>2⁶</span> <span class='ocrx_word' id='word_1_2' title='bbox 389 379 428 438; x_wconf 90' lang='lat' dir='ltr'><strong>u.</strong></span> <span class='ocrx_word' id='word_1_3' title='bbox 450 379 498 437; x_wconf 90' lang='lat' dir='ltr'>w.</span> <span class='ocrx_word' id='word_1_4' title='bbox 520 334 721 437; x_wconf 68' lang='lat' dir='ltr'>anmauvs</span> <span class='ocrx_word' id='word_1_5' title='bbox 736 378 782 437; x_wconf 83' lang='lat' dir='ltr'>m</span> <span class='ocrx_word' id='word_1_6' title='bbox 801 341 1035 437; x_wconf 74' lang='lat' dir='ltr'>enormem</span> <span class='ocrx_word' id='word_1_7' title='bbox 1050 376 1134 435; x_wconf 80' lang='lat' dir='ltr'>um.</span> 
     </span>
    </p>
   </div>
   <div class='ocr_carea' id='block_1_2' title="bbox 291 522 1334 626">
    <p class='ocr_par' dir='ltr' id='par_1_2' title="bbox 291 522 1334 626">
     <span class='ocr_line' id='line_1_2' title="bbox 291 522 1334 626; baseline -0.006 -21"><span class='ocrx_word' id='word_1_8' title='bbox 291 540 365 605; x_wconf 88' lang='lat'><strong>266.</strong></span> <span class='ocrx_word' id='word_1_9' title='bbox 380 533 418 609; x_wconf 81' lang='lat' dir='ltr'><strong>El.</strong></span> <span class='ocrx_word' id='word_1_10' title='bbox 430 537 498 624; x_wconf 56' lang='lat' dir='ltr'>rest]</span> <span class='ocrx_word' id='word_1_11' title='bbox 522 537 662 625; x_wconf 68' lang='lat' dir='ltr'>Quaestio</span> <span class='ocrx_word' id='word_1_12' title='bbox 679 537 879 626; x_wconf 71' lang='lat' dir='ltr'>conjunctim</span> <span class='ocrx_word' id='word_1_13' title='bbox 901 536 1036 602; x_wconf 72' lang='lat' dir='ltr'>trabiata</span> <span class='ocrx_word' id='word_1_14' title='bbox 1054 558 1129 601; x_wconf 91' lang='lat' dir='ltr'>cum</span> <span class='ocrx_word' id='word_1_15' title='bbox 1149 522 1281 600; x_wconf 89' lang='lat' dir='ltr'>antece·</span> <span class='ocrx_word' id='word_1_16' title='bbox 1333 607 1334 611; x_wconf 64' lang='lat'>,</span> 
     </span>
    </p>
   </div>
   <div class='ocr_carea' id='block_1_3' title="bbox 216 636 1280 727">
    <p class='ocr_par' dir='ltr' id='par_1_3' title="bbox 216 636 1280 727">
     <span class='ocr_line' id='line_1_3' title="bbox 216 636 1280 727; baseline -0.003 -22"><span class='ocrx_word' id='word_1_17' title='bbox 216 639 346 727; x_wconf 54' lang='lat' dir='ltr'>‚dente</span> <span class='ocrx_word' id='word_1_18' title='bbox 370 663 390 704; x_wconf 89' lang='lat' dir='ltr'>a</span> <span class='ocrx_word' id='word_1_19' title='bbox 414 641 577 719; x_wconf 83' lang='lat' dir='ltr'>Varrone3</span> <span class='ocrx_word' id='word_1_20' title='bbox 609 651 647 704; x_wconf 93' lang='lat' dir='ltr'>ut</span> <span class='ocrx_word' id='word_1_21' title='bbox 670 652 804 726; x_wconf 90' lang='lat' dir='ltr'>apparet</span> <span class='ocrx_word' id='word_1_22' title='bbox 826 661 845 703; x_wconf 95' lang='lat' dir='ltr'>e</span> <span class='ocrx_word' id='word_1_23' title='bbox 869 637 979 704; x_wconf 88' lang='lat' dir='ltr'>Servio</span> <span class='ocrx_word' id='word_1_24' title='bbox 996 636 1041 702; x_wconf 89' lang='lat' dir='ltr'>ad</span> <span class='ocrx_word' id='word_1_25' title='bbox 1061 636 1179 725; x_wconf 65' lang='lat' dir='ltr'>virgil.</span> <span class='ocrx_word' id='word_1_26' title='bbox 1202 638 1280 702; x_wconf 88' lang='lat' dir='ltr'><strong>AEn.</strong></span> 
     </span>
    </p>
   </div>
   <div class='ocr_carea' id='block_1_4' title="bbox 248 739 1297 931">
    <p class='ocr_par' dir='ltr' id='par_1_4' title="bbox 248 739 1297 931">
     <span class='ocr_line' id='line_1_4' title="bbox 248 739 801 826; baseline -0.005 -19"><span class='ocrx_word' id='word_1_27' title='bbox 248 742 311 807; x_wconf 87' lang='lat'><strong>111.</strong></span> <span class='ocrx_word' id='word_1_28' title='bbox 321 758 398 826; x_wconf 88' lang='lat'>407.</span> <span class='ocrx_word' id='word_1_29' title='bbox 415 754 449 806; x_wconf 88' lang='lat' dir='ltr'>et</span> <span class='ocrx_word' id='word_1_30' title='bbox 463 739 633 806; x_wconf 89' lang='lat' dir='ltr'>Macrobio</span> <span class='ocrx_word' id='word_1_31' title='bbox 649 741 755 805; x_wconf 89' lang='lat' dir='ltr'><strong>Sat.·l.</strong></span> <span class='ocrx_word' id='word_1_32' title='bbox 768 741 801 805; x_wconf 89' lang='lat'>8.</span> 
     </span>
     <span class='ocr_line' id='line_1_5' title="bbox 292 841 1297 931; baseline -0.008 -21"><span class='ocrx_word' id='word_1_33' title='bbox 292 845 366 911; x_wconf 90' lang='grc'><strong>266.</strong></span> <span class='ocrx_word' id='word_1_34' title='bbox 381 845 418 907; x_wconf 83' lang='grc' dir='ltr'>Ε.</span> <span class='ocrx_word' id='word_1_35' title='bbox 434 841 498 929; x_wconf 82' lang='grc' dir='ltr'>ιβ’]</span> <span class='ocrx_word' id='word_1_36' title='bbox 526 844 610 907; x_wconf 89' lang='lat' dir='ltr'>Item</span> <span class='ocrx_word' id='word_1_37' title='bbox 624 842 797 931; x_wconf 67' lang='lat' dir='ltr'>conjunSa</span> <span class='ocrx_word' id='word_1_38' title='bbox 810 841 950 931; x_wconf 70' lang='lat' dir='ltr'>Quaestio</span> <span class='ocrx_word' id='word_1_39' title='bbox 965 864 1040 906; x_wconf 91' lang='lat' dir='ltr'>cum</span> <span class='ocrx_word' id='word_1_40' title='bbox 1055 841 1172 927; x_wconf 92' lang='lat' dir='ltr'>priore.</span> <span class='ocrx_word' id='word_1_41' title='bbox 1204 841 1297 904; x_wconf 86' lang='lat' dir='ltr'>Ma-¹</span> 
     </span>
    </p>
   </div>
   <div class='ocr_carea' id='block_1_5' title="bbox 145 941 1281 1035">
    <p class='ocr_par' dir='ltr' id='par_1_5' title="bbox 145 941 1281 1035">
     <span class='ocr_line' id='line_1_6' title="bbox 145 941 1281 1035; baseline -0.007 -23"><span class='ocrx_word' id='word_1_42' title='bbox 145 1012 147 1021; x_wconf 15' lang='grc' dir='ltr'>ι</span> <span class='ocrx_word' id='word_1_43' title='bbox 247 946 311 1035; x_wconf 84' lang='lat' dir='ltr'>gis,</span> <span class='ocrx_word' id='word_1_44' title='bbox 326 945 434 1025; x_wconf 89' lang='lat' dir='ltr'>credo,</span> <span class='ocrx_word' id='word_1_45' title='bbox 450 967 470 1009; x_wconf 88' lang='lat' dir='ltr'>a</span> <span class='ocrx_word' id='word_1_46' title='bbox 484 944 617 1024; x_wconf 75' lang='lat' dir='ltr'>Grecis,</span> <span class='ocrx_word' id='word_1_47' title='bbox 633 967 730 1032; x_wconf 89' lang='lat' dir='ltr'>quam</span> <span class='ocrx_word' id='word_1_48' title='bbox 745 967 765 1009; x_wconf 88' lang='lat' dir='ltr'>a</span> <span class='ocrx_word' id='word_1_49' title='bbox 779 944 930 1012; x_wconf 84' lang='lat' dir='ltr'>Romanis</span> <span class='ocrx_word' id='word_1_50' title='bbox 946 943 1048 1032; x_wconf 61' lang='grc' dir='ltr'><em>Κρόνον</em></span> <span class='ocrx_word' id='word_1_51' title='bbox 1066 955 1184 1031; x_wconf 80' lang='lat' dir='ltr'>patrem</span> <span class='ocrx_word' id='word_1_52' title='bbox 1198 941 1281 1005; x_wconf 80' lang='lat' dir='ltr'>veri·</span> 
     </span>
    </p>
   </div>
   <div class='ocr_carea' id='block_1_6' title="bbox 180 1043 1281 1129">
    <p class='ocr_par' dir='ltr' id='par_1_6' title="bbox 180 1043 1281 1129">
     <span class='ocr_line' id='line_1_7' title="bbox 180 1043 1281 1129; baseline -0.005 -17"><span class='ocrx_word' id='word_1_53' title='bbox 180 1072 183 1080; x_wconf 93' lang='lat'><em>·</em></span> <span class='ocrx_word' id='word_1_54' title='bbox 249 1049 320 1112; x_wconf 79' lang='lat' dir='ltr'>tatis</span> <span class='ocrx_word' id='word_1_55' title='bbox 334 1046 493 1112; x_wconf 90' lang='lat' dir='ltr'>habitum.</span> <span class='ocrx_word' id='word_1_56' title='bbox 537 1047 695 1112; x_wconf 75' lang='lat' dir='ltr'>Videatur</span> <span class='ocrx_word' id='word_1_57' title='bbox 717 1047 906 1112; x_wconf 75' lang='lat' dir='ltr'>Plutarchus</span> <span class='ocrx_word' id='word_1_58' title='bbox 928 1049 979 1111; x_wconf 96' lang='lat' dir='ltr'>De</span> <span class='ocrx_word' id='word_1_59' title='bbox 1002 1045 1074 1110; x_wconf 84' lang='lat' dir='ltr'><strong>lfid.</strong></span> <span class='ocrx_word' id='word_1_60' title='bbox 1097 1057 1130 1109; x_wconf 90' lang='lat' dir='ltr'>et</span> <span class='ocrx_word' id='word_1_61' title='bbox 1149 1043 1230 1110; x_wconf 89' lang='lat' dir='ltr'><strong>Ofir.</strong></span> <span class='ocrx_word' id='word_1_62' title='bbox 1247 1064 1281 1129; x_wconf 89' lang='lat' dir='ltr'>p.</span> 
     </span>
    </p>
   </div>
   <div class='ocr_carea' id='block_1_7' title="bbox 247 1135 1282 1237">
    <p class='ocr_par' dir='ltr' id='par_1_7' title="bbox 247 1135 1282 1237">
     <span class='ocr_line' id='line_1_8' title="bbox 247 1135 1282 1237; baseline -0.008 -22"><span class='ocrx_word' id='word_1_63' title='bbox 247 1152 323 1237; x_wconf 85' lang='grc'><strong>363.</strong></span> <span class='ocrx_word' id='word_1_64' title='bbox 337 1151 383 1215; x_wconf 94' lang='lat' dir='ltr'>D.</span> <span class='ocrx_word' id='word_1_65' title='bbox 413 1148 600 1213; x_wconf 86' lang='lat' dir='ltr'>Macrobius</span> <span class='ocrx_word' id='word_1_66' title='bbox 616 1139 687 1213; x_wconf 82' lang='lat' dir='ltr'>Sat.¹</span> <span class='ocrx_word' id='word_1_67' title='bbox 703 1151 728 1214; x_wconf 93' lang='lat' dir='ltr'><strong>l.</strong></span> <span class='ocrx_word' id='word_1_68' title='bbox 746 1149 777 1213; x_wconf 89' lang='grc'>8.</span> <span class='ocrx_word' id='word_1_69' title='bbox 801 1149 966 1213; x_wconf 89' lang='lat' dir='ltr'>Cornutus</span> <span class='ocrx_word' id='word_1_70' title='bbox 979 1150 1056 1213; x_wconf 91' lang='lat' dir='ltr'><strong>Nat.</strong></span> <span class='ocrx_word' id='word_1_71' title='bbox 1072 1135 1172 1211; x_wconf 56' lang='lat' dir='ltr'>Deor&#39;.</span> <span class='ocrx_word' id='word_1_72' title='bbox 1189 1147 1235 1208; x_wconf 91' lang='lat'><strong>11.</strong></span> <span class='ocrx_word' id='word_1_73' title='bbox 1247 1166 1282 1231; x_wconf 90' lang='lat' dir='ltr'>p.</span> 
     </span>
    </p>
   </div>
   <div class='ocr_carea' id='block_1_8' title="bbox 50 1242 1283 1334">
    <p class='ocr_par' dir='ltr' id='par_1_8' title="bbox 50 1242 1283 1334">
     <span class='ocr_line' id='line_1_9' title="bbox 50 1242 1283 1334; baseline -0.004 -23"><span class='ocrx_word' id='word_1_74' title='bbox 50 1275 52 1279; x_wconf 62' lang='grc'>’</span> <span class='ocrx_word' id='word_1_75' title='bbox 132 1291 135 1295; x_wconf 90' lang='grc'>-</span> <span class='ocrx_word' id='word_1_76' title='bbox 251 1262 324 1328; x_wconf 68' lang='grc'><strong>[42.</strong></span> <span class='ocrx_word' id='word_1_77' title='bbox 355 1245 543 1311; x_wconf 83' lang='lat' dir='ltr'>Heraclides</span> <span class='ocrx_word' id='word_1_78' title='bbox 567 1246 713 1334; x_wconf 84' lang='lat' dir='ltr'>Allegor.</span> <span class='ocrx_word' id='word_1_79' title='bbox 735 1267 769 1333; x_wconf 91' lang='lat' dir='ltr'>p.</span> <span class='ocrx_word' id='word_1_80' title='bbox 788 1248 873 1330; x_wconf 83' lang='lat'><strong>4653</strong></span> <span class='ocrx_word' id='word_1_81' title='bbox 898 1245 951 1310; x_wconf 87' lang='lat' dir='ltr'>alii</span> <span class='ocrx_word' id='word_1_82' title='bbox 973 1268 1045 1310; x_wconf 90' lang='lat' dir='ltr'>vere</span> <span class='ocrx_word' id='word_1_83' title='bbox 1068 1242 1283 1330; x_wconf 88' lang='lat' dir='ltr'>pronunciant</span> 
     </span>
    </p>
   </div>
   <div class='ocr_carea' id='block_1_9' title="bbox 224 1346 1284 1537">
    <p class='ocr_par' dir='ltr' id='par_1_9' title="bbox 224 1346 1284 1537">
     <span class='ocr_line' id='line_1_10' title="bbox 230 1346 1284 1435; baseline -0.001 -24"><span class='ocrx_word' id='word_1_84' title='bbox 230 1429 232 1432; x_wconf 35' lang='lat'><strong>.</strong></span> <span class='ocrx_word' id='word_1_85' title='bbox 248 1347 350 1435; x_wconf 71' lang='grc' dir='ltr'><strong><em>Κςὸνον</em></strong></span> <span class='ocrx_word' id='word_1_86' title='bbox 364 1347 424 1412; x_wconf 81' lang='lat' dir='ltr'>esse</span> <span class='ocrx_word' id='word_1_87' title='bbox 438 1346 560 1434; x_wconf 77' lang='lat' dir='ltr'>Xp6r0s3</span> <span class='ocrx_word' id='word_1_88' title='bbox 583 1371 658 1413; x_wconf 90' lang='lat' dir='ltr'>nam</span> <span class='ocrx_word' id='word_1_89' title='bbox 674 1349 744 1413; x_wconf 84' lang='lat' dir='ltr'>haec</span> <span class='ocrx_word' id='word_1_90' title='bbox 759 1348 862 1413; x_wconf 86' lang='lat' dir='ltr'>forma</span> <span class='ocrx_word' id='word_1_91' title='bbox 875 1347 1008 1412; x_wconf 86' lang='lat' dir='ltr'>invaluit</span> <span class='ocrx_word' id='word_1_92' title='bbox 1023 1347 1141 1434; x_wconf 88' lang='lat' dir='ltr'>postea,</span> <span class='ocrx_word' id='word_1_93' title='bbox 1156 1357 1284 1432; x_wconf 85' lang='lat' dir='ltr'>reperta</span> 
     </span>
     <span class='ocr_line' id='line_1_11' title="bbox 224 1449 1283 1537; baseline -0.003 -24"><span class='ocrx_word' id='word_1_94' title='bbox 224 1485 225 1488; x_wconf 35' lang='lat'>¹</span> <span class='ocrx_word' id='word_1_95' title='bbox 247 1449 340 1514; x_wconf 87' lang='lat' dir='ltr'>litera</span> <span class='ocrx_word' id='word_1_96' title='bbox 353 1451 396 1514; x_wconf 89' lang='lat' dir='ltr'>X.</span> <span class='ocrx_word' id='word_1_97' title='bbox 420 1449 543 1516; x_wconf 87' lang='lat' dir='ltr'>Gellius</span> <span class='ocrx_word' id='word_1_98' title='bbox 559 1452 638 1516; x_wconf 89' lang='lat' dir='ltr'><strong>XII.</strong></span> <span class='ocrx_word' id='word_1_99' title='bbox 654 1471 691 1515; x_wconf 89' lang='lat'>11</span> <span class='ocrx_word' id='word_1_100' title='bbox 704 1476 713 1515; x_wconf 77' lang='lat' dir='ltr'>z</span> <span class='ocrx_word' id='word_1_101' title='bbox 736 1449 828 1514; x_wconf 83' lang='lat' dir='ltr'>Alius</span> <span class='ocrx_word' id='word_1_102' title='bbox 841 1451 965 1537; x_wconf 83' lang='lat' dir='ltr'>quidam</span> <span class='ocrx_word' id='word_1_103' title='bbox 975 1461 1108 1514; x_wconf 77' lang='lat' dir='ltr'>veterum</span> <span class='ocrx_word' id='word_1_104' title='bbox 1118 1459 1283 1535; x_wconf 79' lang='lat' dir='ltr'>poetarum,</span> 
     </span>
    </p>
   </div>
   <div class='ocr_carea' id='block_1_10' title="bbox 246 1550 1285 1742">
    <p class='ocr_par' dir='ltr' id='par_1_10' title="bbox 246 1550 1285 1742">
     <span class='ocr_line' id='line_1_12' title="bbox 247 1550 1282 1638; baseline -0.002 -22"><span class='ocrx_word' id='word_1_105' title='bbox 247 1552 331 1637; x_wconf 83' lang='lat' dir='ltr'>cujus</span> <span class='ocrx_word' id='word_1_106' title='bbox 351 1554 453 1616; x_wconf 78' lang='lat' dir='ltr'>nomen</span> <span class='ocrx_word' id='word_1_107' title='bbox 474 1551 547 1615; x_wconf 84' lang='lat' dir='ltr'>mihi</span> <span class='ocrx_word' id='word_1_108' title='bbox 567 1576 646 1616; x_wconf 73' lang='lat' dir='ltr'>nurse</span> <span class='ocrx_word' id='word_1_109' title='bbox 660 1552 808 1631; x_wconf 71' lang='lat' dir='ltr'>memoria</span> <span class='ocrx_word' id='word_1_110' title='bbox 829 1575 886 1616; x_wconf 87' lang='lat' dir='ltr'>non</span> <span class='ocrx_word' id='word_1_111' title='bbox 908 1550 958 1636; x_wconf 79' lang='lat' dir='ltr'>est,</span> <span class='ocrx_word' id='word_1_112' title='bbox 984 1550 1154 1631; x_wconf 70' lang='lat' dir='ltr'>Veritatem,</span> <span class='ocrx_word' id='word_1_113' title='bbox 1171 1563 1282 1638; x_wconf 81' lang='lat' dir='ltr'>tempo·</span> 
     </span>
     <span class='ocr_line' id='line_1_13' title="bbox 246 1651 1285 1742; baseline -0.002 -24"><span class='ocrx_word' id='word_1_114' title='bbox 246 1654 289 1718; x_wconf 84' lang='lat' dir='ltr'>ris</span> <span class='ocrx_word' id='word_1_115' title='bbox 298 1653 406 1741; x_wconf 84' lang='lat' dir='ltr'>filiam</span> <span class='ocrx_word' id='word_1_116' title='bbox 419 1654 473 1742; x_wconf 76' lang='lat' dir='ltr'>effe</span> <span class='ocrx_word' id='word_1_117' title='bbox 493 1654 584 1718; x_wconf 70' lang='lat' dir='ltr'>diris.</span> <span class='ocrx_word' id='word_1_118' title='bbox 627 1653 796 1742; x_wconf 85' lang='lat' dir='ltr'>Sophoclis</span> <span class='ocrx_word' id='word_1_119' title='bbox 815 1654 924 1718; x_wconf 93' lang='lat' dir='ltr'>locum</span> <span class='ocrx_word' id='word_1_120' title='bbox 944 1653 987 1718; x_wconf 91' lang='lat' dir='ltr'>ibi</span> <span class='ocrx_word' id='word_1_121' title='bbox 1008 1653 1144 1717; x_wconf 90' lang='lat' dir='ltr'>citatum</span> <span class='ocrx_word' id='word_1_122' title='bbox 1165 1665 1200 1717; x_wconf 93' lang='lat' dir='ltr'>et</span> <span class='ocrx_word' id='word_1_123' title='bbox 1221 1651 1285 1716; x_wconf 86' lang='lat' dir='ltr'>alia</span> 
     </span>
    </p>
   </div>
   <div class='ocr_carea' id='block_1_11' title="bbox 128 1755 1283 1846">
    <p class='ocr_par' dir='ltr' id='par_1_11' title="bbox 128 1755 1283 1846">
     <span class='ocr_line' id='line_1_14' title="bbox 128 1755 1283 1846; baseline -0.003 -25"><span class='ocrx_word' id='word_1_124' title='bbox 128 1756 131 1761; x_wconf 80' lang='grc'><em>’</em></span> <span class='ocrx_word' id='word_1_125' title='bbox 248 1755 281 1821; x_wconf 90' lang='lat' dir='ltr'>in</span> <span class='ocrx_word' id='word_1_126' title='bbox 304 1755 389 1821; x_wconf 89' lang='lat' dir='ltr'>hanc</span> <span class='ocrx_word' id='word_1_127' title='bbox 409 1758 599 1822; x_wconf 89' lang='lat' dir='ltr'>sententiam</span> <span class='ocrx_word' id='word_1_128' title='bbox 619 1756 706 1822; x_wconf 72' lang='lat' dir='ltr'>dista</span> <span class='ocrx_word' id='word_1_129' title='bbox 726 1758 882 1823; x_wconf 92' lang='lat' dir='ltr'>Veterum</span> <span class='ocrx_word' id='word_1_130' title='bbox 905 1755 1051 1846; x_wconf 88' lang='lat' dir='ltr'>apposuit</span> <span class='ocrx_word' id='word_1_131' title='bbox 1071 1755 1220 1820; x_wconf 83' lang='lat' dir='ltr'>Erasmus</span> <span class='ocrx_word' id='word_1_132' title='bbox 1236 1756 1283 1818; x_wconf 89' lang='grc' dir='ltr'>Α-</span> 
     </span>
    </p>
   </div>
   <div class='ocr_carea' id='block_1_12' title="bbox 248 1857 462 1946">
    <p class='ocr_par' dir='ltr' id='par_1_12' title="bbox 248 1857 462 1946">
     <span class='ocr_line' id='line_1_15' title="bbox 248 1857 462 1946; baseline -0.009 0"><span class='ocrx_word' id='word_1_133' title='bbox 248 1857 462 1946; x_wconf 64' lang='lat' dir='ltr'>aaaron</span> 
     </span>
    </p>
   </div>
   <div class='ocr_carea' id='block_1_13' title="bbox 62 1957 1285 2047">
    <p class='ocr_par' dir='ltr' id='par_1_13' title="bbox 62 1957 1285 2047">
     <span class='ocr_line' id='line_1_16' title="bbox 62 1957 1285 2047; baseline 0.015 -34"><span class='ocrx_word' id='word_1_134' title='bbox 62 1957 99 2047; x_wconf 26' lang='grc' dir='ltr'>ἰ</span> <span class='ocrx_word' id='word_1_135' title='bbox 216 1973 220 1978; x_wconf 85' lang='grc'><strong>“</strong></span> <span class='ocrx_word' id='word_1_136' title='bbox 292 1961 365 2029; x_wconf 92' lang='grc'><strong>266.</strong></span> <span class='ocrx_word' id='word_1_137' title='bbox 381 1962 418 2025; x_wconf 82' lang='lat' dir='ltr'>F.</span> <span class='ocrx_word' id='word_1_138' title='bbox 431 1959 497 2046; x_wconf 78' lang='grc' dir='ltr'><strong>ιγ’.]</strong></span> <span class='ocrx_word' id='word_1_139' title='bbox 522 1962 650 2027; x_wconf 84' lang='lat' dir='ltr'>Poterat</span> <span class='ocrx_word' id='word_1_140' title='bbox 663 1960 746 2026; x_wconf 88' lang='lat' dir='ltr'>hanc</span> <span class='ocrx_word' id='word_1_141' title='bbox 761 1959 860 2024; x_wconf 91' lang='lat' dir='ltr'>etiam</span> <span class='ocrx_word' id='word_1_142' title='bbox 875 1957 1033 2024; x_wconf 89' lang='lat' dir='ltr'>rationem</span> <span class='ocrx_word' id='word_1_143' title='bbox 1047 1957 1183 2038; x_wconf 89' lang='lat' dir='ltr'>adferre,</span> <span class='ocrx_word' id='word_1_144' title='bbox 1196 1957 1285 2045; x_wconf 80' lang='lat' dir='ltr'>quod</span> 
     </span>
    </p>
   </div>
   <div class='ocr_carea' id='block_1_14' title="bbox 247 2061 1285 2249">
    <p class='ocr_par' dir='ltr' id='par_1_14' title="bbox 247 2061 1285 2249">
     <span class='ocr_line' id='line_1_17' title="bbox 248 2061 1285 2151; baseline -0.003 -23"><span class='ocrx_word' id='word_1_145' title='bbox 248 2061 391 2129; x_wconf 88' lang='lat' dir='ltr'>Honoris</span> <span class='ocrx_word' id='word_1_146' title='bbox 415 2078 450 2128; x_wconf 92' lang='lat' dir='ltr'>et</span> <span class='ocrx_word' id='word_1_147' title='bbox 472 2062 611 2129; x_wconf 74' lang='lat' dir='ltr'>Virtutis</span> <span class='ocrx_word' id='word_1_148' title='bbox 636 2062 816 2151; x_wconf 73' lang='lat' dir='ltr'>conjuncte</span> <span class='ocrx_word' id='word_1_149' title='bbox 844 2061 981 2128; x_wconf 87' lang='lat' dir='ltr'>solerent</span> <span class='ocrx_word' id='word_1_150' title='bbox 1004 2061 1066 2127; x_wconf 83' lang='lat' dir='ltr'>effe</span> <span class='ocrx_word' id='word_1_151' title='bbox 1092 2061 1188 2125; x_wconf 85' lang='lat' dir='ltr'>aedes.</span> <span class='ocrx_word' id='word_1_152' title='bbox 1231 2062 1285 2126; x_wconf 92' lang='lat' dir='ltr'>De</span> 
     </span>
     <span class='ocr_line' id='line_1_18' title="bbox 247 2160 1284 2249; baseline -0.003 -20"><span class='ocrx_word' id='word_1_153' title='bbox 247 2163 353 2249; x_wconf 90' lang='lat' dir='ltr'>capite</span> <span class='ocrx_word' id='word_1_154' title='bbox 375 2164 408 2227; x_wconf 94' lang='lat' dir='ltr'>in</span> <span class='ocrx_word' id='word_1_155' title='bbox 428 2164 558 2229; x_wconf 86' lang='lat' dir='ltr'>alterius</span> <span class='ocrx_word' id='word_1_156' title='bbox 574 2164 730 2229; x_wconf 87' lang='lat' dir='ltr'>honorem</span> <span class='ocrx_word' id='word_1_157' title='bbox 746 2162 975 2249; x_wconf 83' lang='lat' dir='ltr'>adaperiundo,</span> <span class='ocrx_word' id='word_1_158' title='bbox 990 2161 1089 2227; x_wconf 91' lang='lat' dir='ltr'>modo</span> <span class='ocrx_word' id='word_1_159' title='bbox 1103 2161 1227 2227; x_wconf 71' lang='lat' dir='ltr'>dictum</span> <span class='ocrx_word' id='word_1_160' title='bbox 1242 2160 1284 2226; x_wconf 90' lang='lat' dir='ltr'>ad</span> 
     </span>
    </p>
   </div>
   <div class='ocr_carea' id='block_1_15' title="bbox 250 2265 1284 2456">
    <p class='ocr_par' dir='ltr' id='par_1_15' title="bbox 250 2265 1284 2456">
     <span class='ocr_line' id='line_1_19' title="bbox 250 2265 1284 2456; baseline -0.011 -16"><span class='ocrx_word' id='word_1_161' title='bbox 250 2265 414 2452; x_wconf 43' lang='grc' dir='ltr'><em>οῗῗόὲ.</em></span> <span class='ocrx_word' id='word_1_162' title='bbox 429 2365 473 2429; x_wconf 84' lang='lat' dir='ltr'>A·</span> <span class='ocrx_word' id='word_1_163' title='bbox 489 2365 546 2454; x_wconf 60' lang='lat' dir='ltr'>alst]</span> <span class='ocrx_word' id='word_1_164' title='bbox 571 2367 702 2433; x_wconf 71' lang='lat' dir='ltr'>Tractat</span> <span class='ocrx_word' id='word_1_165' title='bbox 715 2368 797 2434; x_wconf 90' lang='lat' dir='ltr'>hanc</span> <span class='ocrx_word' id='word_1_166' title='bbox 812 2367 1028 2456; x_wconf 73' lang='lat' dir='ltr'>Quaestionem</span> <span class='ocrx_word' id='word_1_167' title='bbox 1040 2368 1073 2434; x_wconf 92' lang='lat' dir='ltr'><strong>J.</strong></span> <span class='ocrx_word' id='word_1_168' title='bbox 1090 2366 1284 2432; x_wconf 88' lang='lat' dir='ltr'>Kirchman-</span> 
     </span>
    </p>
   </div>
   <div class='ocr_carea' id='block_1_16' title="bbox 173 2468 1284 2535">
    <p class='ocr_par' dir='ltr' id='par_1_16' title="bbox 173 2468 1284 2535">
     <span class='ocr_line' id='line_1_20' title="bbox 173 2468 1284 2535; baseline 0.002 -3"><span class='ocrx_word' id='word_1_169' title='bbox 173 2470 176 2476; x_wconf 86' lang='lat'>&#39;</span> <span class='ocrx_word' id='word_1_170' title='bbox 248 2491 308 2533; x_wconf 93' lang='lat' dir='ltr'>nus</span> <span class='ocrx_word' id='word_1_171' title='bbox 330 2469 382 2533; x_wconf 92' lang='lat' dir='ltr'>De</span> <span class='ocrx_word' id='word_1_172' title='bbox 405 2468 582 2534; x_wconf 86' lang='lat' dir='ltr'>Funeribus</span> <span class='ocrx_word' id='word_1_173' title='bbox 604 2471 700 2535; x_wconf 89' lang='lat' dir='ltr'><strong>Rom.</strong></span> <span class='ocrx_word' id='word_1_174' title='bbox 721 2472 766 2535; x_wconf 93' lang='lat' dir='ltr'>ll.</span> <span class='ocrx_word' id='word_1_175' title='bbox 793 2472 844 2535; x_wconf 90' lang='lat'><strong>16.</strong></span> <span class='ocrx_word' id='word_1_176' title='bbox 879 2473 931 2535; x_wconf 92' lang='lat' dir='ltr'>De</span> <span class='ocrx_word' id='word_1_177' title='bbox 949 2470 1070 2535; x_wconf 85' lang='lat' dir='ltr'>diverso</span> <span class='ocrx_word' id='word_1_178' title='bbox 1094 2471 1284 2534; x_wconf 71' lang='lat' dir='ltr'>Graecorum</span> 
     </span>
    </p>
   </div>
   <div class='ocr_carea' id='block_1_17' title="bbox 247 2569 1285 2659">
    <p class='ocr_par' dir='ltr' id='par_1_17' title="bbox 247 2569 1285 2659">
     <span class='ocr_line' id='line_1_21' title="bbox 247 2569 1285 2659; baseline 0.002 -25"><span class='ocrx_word' id='word_1_179' title='bbox 247 2569 311 2636; x_wconf 90' lang='lat' dir='ltr'>ritu</span> <span class='ocrx_word' id='word_1_180' title='bbox 334 2581 487 2636; x_wconf 89' lang='lat' dir='ltr'>notarunt</span> <span class='ocrx_word' id='word_1_181' title='bbox 512 2571 672 2636; x_wconf 86' lang='lat' dir='ltr'>Meurfius</span> <span class='ocrx_word' id='word_1_182' title='bbox 695 2571 735 2637; x_wconf 92' lang='lat' dir='ltr'>ad</span> <span class='ocrx_word' id='word_1_183' title='bbox 758 2572 922 2659; x_wconf 90' lang='lat' dir='ltr'>Lycophr.</span> <span class='ocrx_word' id='word_1_184' title='bbox 948 2574 1022 2658; x_wconf 86' lang='lat'><strong>976.</strong></span> <span class='ocrx_word' id='word_1_185' title='bbox 1068 2571 1217 2636; x_wconf 87' lang='lat' dir='ltr'>Kuhnius</span> <span class='ocrx_word' id='word_1_186' title='bbox 1242 2571 1285 2636; x_wconf 92' lang='lat' dir='ltr'>ad</span> 
     </span>
    </p>
   </div>
   <div class='ocr_carea' id='block_1_18' title="bbox 57 2672 1284 2762">
    <p class='ocr_par' dir='ltr' id='par_1_18' title="bbox 57 2672 1284 2762">
     <span class='ocr_line' id='line_1_22' title="bbox 57 2672 1284 2762; baseline 0 -24"><span class='ocrx_word' id='word_1_187' title='bbox 57 2693 62 2700; x_wconf 80' lang='grc'><strong>’</strong></span> <span class='ocrx_word' id='word_1_188' title='bbox 191 2709 196 2731; x_wconf 79' lang='grc' dir='ltr'>ι</span> <span class='ocrx_word' id='word_1_189' title='bbox 247 2672 368 2738; x_wconf 88' lang='lat' dir='ltr'>AElian.</span> <span class='ocrx_word' id='word_1_190' title='bbox 383 2674 461 2739; x_wconf 87' lang='lat' dir='ltr'>Var.</span> <span class='ocrx_word' id='word_1_191' title='bbox 480 2673 560 2738; x_wconf 86' lang='lat' dir='ltr'><strong>Hist.</strong></span> <span class='ocrx_word' id='word_1_192' title='bbox 577 2675 655 2738; x_wconf 91' lang='lat' dir='ltr'><strong>VII.</strong></span> <span class='ocrx_word' id='word_1_193' title='bbox 671 2676 703 2740; x_wconf 93' lang='lat'><strong>8.</strong></span> <span class='ocrx_word' id='word_1_194' title='bbox 717 2693 750 2758; x_wconf 85' lang='lat'>5.</span> <span class='ocrx_word' id='word_1_195' title='bbox 778 2675 980 2762; x_wconf 84' lang='lat' dir='ltr'>Musgravius</span> <span class='ocrx_word' id='word_1_196' title='bbox 990 2674 1031 2739; x_wconf 89' lang='lat' dir='ltr'>ad</span> <span class='ocrx_word' id='word_1_197' title='bbox 1047 2674 1193 2759; x_wconf 88' lang='lat' dir='ltr'>Euripid.</span> <span class='ocrx_word' id='word_1_198' title='bbox 1211 2676 1284 2739; x_wconf 90' lang='lat' dir='ltr'>He·</span> 
     </span>
    </p>
   </div>
   <div class='ocr_carea' id='block_1_19' title="bbox 80 4438 146 4487">
    <p class='ocr_par' dir='ltr' id='par_1_19' title="bbox 80 4438 146 4487">
     <span class='ocr_line' id='line_1_23' title="bbox 80 4438 146 4487; baseline 0 0"><span class='ocrx_word' id='word_1_199' title='bbox 80 4438 146 4487; x_wconf 67' lang='grc' dir='ltr'><strong>ια’.</strong></span> 
     </span>
    </p>
   </div>
   <div class='ocr_carea' id='block_1_20' title="bbox 246 2774 1286 3068">
    <p class='ocr_par' dir='ltr' id='par_1_20' title="bbox 246 2774 1286 3068">
     <span class='ocr_line' id='line_1_24' title="bbox 248 2774 1286 2863; baseline 0.001 -23"><span class='ocrx_word' id='word_1_200' title='bbox 248 2775 322 2840; x_wconf 84' lang='lat' dir='ltr'>cub.</span> <span class='ocrx_word' id='word_1_201' title='bbox 339 2775 422 2861; x_wconf 81' lang='lat'>837:</span> <span class='ocrx_word' id='word_1_202' title='bbox 446 2787 480 2840; x_wconf 93' lang='lat' dir='ltr'>et</span> <span class='ocrx_word' id='word_1_203' title='bbox 502 2797 566 2840; x_wconf 91' lang='lat' dir='ltr'>non</span> <span class='ocrx_word' id='word_1_204' title='bbox 585 2774 715 2862; x_wconf 92' lang='lat' dir='ltr'>quidem</span> <span class='ocrx_word' id='word_1_205' title='bbox 735 2775 989 2863; x_wconf 75' lang='lat' dir='ltr'>diligentissimus</span> <span class='ocrx_word' id='word_1_206' title='bbox 1009 2777 1076 2856; x_wconf 90' lang='lat' dir='ltr'>ille,</span> <span class='ocrx_word' id='word_1_207' title='bbox 1101 2799 1160 2841; x_wconf 89' lang='lat' dir='ltr'>nec</span> <span class='ocrx_word' id='word_1_208' title='bbox 1175 2789 1286 2841; x_wconf 88' lang='lat' dir='ltr'>tamen</span> 
     </span>
     <span class='ocr_line' id='line_1_25' title="bbox 246 2876 1284 2966; baseline -0.001 -23"><span class='ocrx_word' id='word_1_209' title='bbox 246 2876 443 2966; x_wconf 89' lang='lat' dir='ltr'>abjiciendus</span> <span class='ocrx_word' id='word_1_210' title='bbox 457 2876 602 2965; x_wconf 89' lang='lat' dir='ltr'>scriptor,</span> <span class='ocrx_word' id='word_1_211' title='bbox 617 2880 650 2945; x_wconf 88' lang='lat' dir='ltr'><strong>J.</strong></span> <span class='ocrx_word' id='word_1_212' title='bbox 665 2878 794 2944; x_wconf 93' lang='lat' dir='ltr'>Nicolai</span> <span class='ocrx_word' id='word_1_213' title='bbox 813 2879 866 2944; x_wconf 92' lang='lat' dir='ltr'>De</span> <span class='ocrx_word' id='word_1_214' title='bbox 880 2880 1069 2949; x_wconf 86' lang='lat' dir='ltr'>Graecorum</span> <span class='ocrx_word' id='word_1_215' title='bbox 1091 2878 1198 2944; x_wconf 70' lang='lat' dir='ltr'>Lubiu</span> <span class='ocrx_word' id='word_1_216' title='bbox 1212 2902 1284 2966; x_wconf 91' lang='lat' dir='ltr'>cap.</span> 
     </span>
     <span class='ocr_line' id='line_1_26' title="bbox 248 2979 1283 3068; baseline 0 -22"><span class='ocrx_word' id='word_1_217' title='bbox 248 2982 290 3046; x_wconf 89' lang='lat' dir='ltr'><strong>X.</strong></span> <span class='ocrx_word' id='word_1_218' title='bbox 319 2979 540 3056; x_wconf 77' lang='lat' dir='ltr'>Divortiorum</span> <span class='ocrx_word' id='word_1_219' title='bbox 551 2980 757 3046; x_wconf 81' lang='lat' dir='ltr'>vetustislimae</span> <span class='ocrx_word' id='word_1_220' title='bbox 771 2981 860 3068; x_wconf 88' lang='lat' dir='ltr'>apud</span> <span class='ocrx_word' id='word_1_221' title='bbox 875 2984 1036 3047; x_wconf 90' lang='lat' dir='ltr'>Romanos</span> <span class='ocrx_word' id='word_1_222' title='bbox 1051 2981 1214 3046; x_wconf 84' lang='lat' dir='ltr'>memoriae</span> <span class='ocrx_word' id='word_1_223' title='bbox 1227 3005 1283 3046; x_wconf 85' lang='lat' dir='ltr'>ex-</span> 
     </span>
    </p>
   </div>
   <div class='ocr_carea' id='block_1_21' title="bbox 183 3081 1286 3170">
    <p class='ocr_par' dir='ltr' id='par_1_21' title="bbox 183 3081 1286 3170">
     <span class='ocr_line' id='line_1_27' title="bbox 183 3081 1286 3170; baseline 0.002 -23"><span class='ocrx_word' id='word_1_224' title='bbox 183 3131 188 3140; x_wconf 86' lang='lat'><strong>.</strong></span> <span class='ocrx_word' id='word_1_225' title='bbox 248 3081 356 3167; x_wconf 89' lang='lat' dir='ltr'>empla</span> <span class='ocrx_word' id='word_1_226' title='bbox 370 3083 441 3146; x_wconf 82' lang='lat' dir='ltr'>haec</span> <span class='ocrx_word' id='word_1_227' title='bbox 455 3081 525 3147; x_wconf 88' lang='lat' dir='ltr'>aliis</span> <span class='ocrx_word' id='word_1_228' title='bbox 542 3096 781 3165; x_wconf 84' lang='lat' dir='ltr'>memorantur:</span> <span class='ocrx_word' id='word_1_229' title='bbox 804 3105 834 3144; x_wconf 90' lang='lat' dir='ltr'>v.</span> <span class='ocrx_word' id='word_1_230' title='bbox 851 3105 880 3146; x_wconf 92' lang='lat' dir='ltr'><strong>c.</strong></span> <span class='ocrx_word' id='word_1_231' title='bbox 898 3082 952 3169; x_wconf 78' lang='lat' dir='ltr'><strong>Sp.</strong></span> <span class='ocrx_word' id='word_1_232' title='bbox 970 3081 1286 3170; x_wconf 82' lang='lat' dir='ltr'>Carvilii,Dionys10</span> 
     </span>
    </p>
   </div>
   <div class='ocr_carea' id='block_1_22' title="bbox 246 3182 1287 4092">
    <p class='ocr_par' dir='ltr' id='par_1_22' title="bbox 246 3182 1287 4092">
     <span class='ocr_line' id='line_1_28' title="bbox 248 3182 1284 3275; baseline 0.004 -27"><span class='ocrx_word' id='word_1_233' title='bbox 248 3183 325 3248; x_wconf 84' lang='lat' dir='ltr'><strong>Hal.</strong></span> <span class='ocrx_word' id='word_1_234' title='bbox 343 3184 389 3247; x_wconf 94' lang='lat' dir='ltr'>ll.</span> <span class='ocrx_word' id='word_1_235' title='bbox 405 3197 457 3268; x_wconf 84' lang='lat'>25·</span> <span class='ocrx_word' id='word_1_236' title='bbox 473 3182 581 3248; x_wconf 92' lang='lat' dir='ltr'>Gellio</span> <span class='ocrx_word' id='word_1_237' title='bbox 597 3185 656 3248; x_wconf 91' lang='lat' dir='ltr'>IV.</span> <span class='ocrx_word' id='word_1_238' title='bbox 672 3202 705 3268; x_wconf 85' lang='lat'>3.</span> <span class='ocrx_word' id='word_1_239' title='bbox 740 3182 929 3249; x_wconf 87' lang='lat' dir='ltr'>Plutarchus</span> <span class='ocrx_word' id='word_1_240' title='bbox 951 3185 1034 3249; x_wconf 84' lang='lat' dir='ltr'>infra</span> <span class='ocrx_word' id='word_1_241' title='bbox 1048 3187 1169 3252; x_wconf 79' lang='lat' dir='ltr'>Quaest.</span> <span class='ocrx_word' id='word_1_242' title='bbox 1185 3187 1232 3268; x_wconf 76' lang='lat' dir='ltr'>rs,</span> <span class='ocrx_word' id='word_1_243' title='bbox 1249 3210 1284 3275; x_wconf 91' lang='lat' dir='ltr'><strong>p.</strong></span> 
     </span>
     <span class='ocr_line' id='line_1_29' title="bbox 249 3285 1284 3376; baseline 0.005 -25"><span class='ocrx_word' id='word_1_244' title='bbox 249 3286 323 3368; x_wconf 84' lang='lat'><strong>278.</strong></span> <span class='ocrx_word' id='word_1_245' title='bbox 346 3288 384 3351; x_wconf 89' lang='lat' dir='ltr'>E.</span> <span class='ocrx_word' id='word_1_246' title='bbox 412 3285 552 3352; x_wconf 91' lang='lat' dir='ltr'>Romulo</span> <span class='ocrx_word' id='word_1_247' title='bbox 566 3307 600 3373; x_wconf 90' lang='lat' dir='ltr'>p.</span> <span class='ocrx_word' id='word_1_248' title='bbox 614 3306 669 3372; x_wconf 84' lang='lat'>39.</span> <span class='ocrx_word' id='word_1_249' title='bbox 684 3288 723 3351; x_wconf 90' lang='lat' dir='ltr'>B.</span> <span class='ocrx_word' id='word_1_250' title='bbox 748 3287 860 3350; x_wconf 90' lang='lat' dir='ltr'>Numa</span> <span class='ocrx_word' id='word_1_251' title='bbox 875 3303 928 3371; x_wconf 86' lang='lat'>77.</span> <span class='ocrx_word' id='word_1_252' title='bbox 949 3288 990 3352; x_wconf 93' lang='lat' dir='ltr'>C.</span> <span class='ocrx_word' id='word_1_253' title='bbox 1013 3287 1079 3354; x_wconf 94' lang='lat' dir='ltr'>duo</span> <span class='ocrx_word' id='word_1_254' title='bbox 1101 3290 1223 3376; x_wconf 90' lang='lat' dir='ltr'>reliqua</span> <span class='ocrx_word' id='word_1_255' title='bbox 1246 3291 1284 3356; x_wconf 86' lang='lat' dir='ltr'>C.</span> 
     </span>
     <span class='ocr_line' id='line_1_30' title="bbox 250 3384 1285 3476; baseline 0.007 -24"><span class='ocrx_word' id='word_1_256' title='bbox 250 3388 375 3475; x_wconf 79' lang='lat' dir='ltr'>Sulpicii</span> <span class='ocrx_word' id='word_1_257' title='bbox 399 3387 488 3452; x_wconf 80' lang='lat' dir='ltr'>Galli</span> <span class='ocrx_word' id='word_1_258' title='bbox 513 3402 547 3453; x_wconf 94' lang='lat' dir='ltr'>et</span> <span class='ocrx_word' id='word_1_259' title='bbox 571 3390 610 3454; x_wconf 93' lang='lat' dir='ltr'>P.</span> <span class='ocrx_word' id='word_1_260' title='bbox 635 3389 799 3476; x_wconf 81' lang='lat' dir='ltr'>Sempronii</span> <span class='ocrx_word' id='word_1_261' title='bbox 825 3384 914 3475; x_wconf 70' lang='lat' dir='ltr'>sophi</span> <span class='ocrx_word' id='word_1_262' title='bbox 936 3389 1083 3455; x_wconf 89' lang='lat' dir='ltr'>Valerius</span> <span class='ocrx_word' id='word_1_263' title='bbox 1109 3395 1198 3457; x_wconf 83' lang='lat' dir='ltr'><strong>Max.</strong></span> <span class='ocrx_word' id='word_1_264' title='bbox 1221 3396 1285 3460; x_wconf 91' lang='lat' dir='ltr'><strong>Vl.</strong></span> 
     </span>
     <span class='ocr_line' id='line_1_31' title="bbox 246 3491 1286 3579; baseline 0.009 -27"><span class='ocrx_word' id='word_1_265' title='bbox 246 3509 279 3575; x_wconf 82' lang='lat'>3.</span> <span class='ocrx_word' id='word_1_266' title='bbox 302 3510 354 3554; x_wconf 91' lang='lat'>10.</span> <span class='ocrx_word' id='word_1_267' title='bbox 373 3502 406 3554; x_wconf 91' lang='lat' dir='ltr'>et</span> <span class='ocrx_word' id='word_1_268' title='bbox 424 3510 474 3558; x_wconf 85' lang='lat'><strong>12.</strong></span> <span class='ocrx_word' id='word_1_269' title='bbox 518 3495 605 3579; x_wconf 83' lang='lat' dir='ltr'>Ergo</span> <span class='ocrx_word' id='word_1_270' title='bbox 624 3491 679 3556; x_wconf 88' lang='lat' dir='ltr'>filii</span> <span class='ocrx_word' id='word_1_271' title='bbox 698 3491 805 3578; x_wconf 89' lang='lat' dir='ltr'>capite</span> <span class='ocrx_word' id='word_1_272' title='bbox 825 3506 918 3556; x_wconf 88' lang='lat' dir='ltr'>erant</span> <span class='ocrx_word' id='word_1_273' title='bbox 938 3508 1063 3579; x_wconf 86' lang='lat' dir='ltr'>operto,</span> <span class='ocrx_word' id='word_1_274' title='bbox 1087 3497 1118 3556; x_wconf 83' lang='grc' dir='ltr'>δι’</span> <span class='ocrx_word' id='word_1_275' title='bbox 1140 3495 1170 3575; x_wconf 64' lang='grc' dir='ltr'>ἣν</span> <span class='ocrx_word' id='word_1_276' title='bbox 1192 3497 1286 3562; x_wconf 75' lang='grc' dir='ltr'><strong><em>αἰτίαν</em></strong></span> 
     </span>
     <span class='ocr_line' id='line_1_32' title="bbox 247 3593 1285 3685; baseline 0.01 -29"><span class='ocrx_word' id='word_1_277' title='bbox 247 3593 404 3682; x_wconf 58' lang='grc' dir='ltr'>εἰρήκαμεν,</span> <span class='ocrx_word' id='word_1_278' title='bbox 426 3593 449 3656; x_wconf 94' lang='lat' dir='ltr'><strong>i.</strong></span> <span class='ocrx_word' id='word_1_279' title='bbox 463 3615 493 3658; x_wconf 94' lang='lat' dir='ltr'><strong>e.</strong></span> <span class='ocrx_word' id='word_1_280' title='bbox 512 3605 632 3681; x_wconf 78' lang='lat' dir='ltr'>propter</span> <span class='ocrx_word' id='word_1_281' title='bbox 653 3619 717 3659; x_wconf 79' lang='lat' dir='ltr'>eam</span> <span class='ocrx_word' id='word_1_282' title='bbox 735 3596 863 3682; x_wconf 80' lang='lat' dir='ltr'>caufflrm</span> <span class='ocrx_word' id='word_1_283' title='bbox 878 3620 968 3682; x_wconf 83' lang='lat' dir='ltr'>quam</span> <span class='ocrx_word' id='word_1_284' title='bbox 983 3597 1112 3660; x_wconf 76' lang='lat' dir='ltr'>diximus</span> <span class='ocrx_word' id='word_1_285' title='bbox 1126 3599 1247 3685; x_wconf 67' lang='lat' dir='ltr'>Quaest.</span> <span class='ocrx_word' id='word_1_286' title='bbox 1263 3600 1285 3667; x_wconf 77' lang='lat' dir='ltr'><strong>l.</strong></span> 
     </span>
     <span class='ocr_line' id='line_1_33' title="bbox 248 3695 1287 3785; baseline 0.006 -22"><span class='ocrx_word' id='word_1_287' title='bbox 248 3717 282 3782; x_wconf 77' lang='grc' dir='ltr'>ρ.</span> <span class='ocrx_word' id='word_1_288' title='bbox 304 3695 378 3763; x_wconf 89' lang='grc'><strong>266.</strong></span> <span class='ocrx_word' id='word_1_289' title='bbox 397 3696 437 3759; x_wconf 89' lang='grc' dir='ltr'>Β.</span> <span class='ocrx_word' id='word_1_290' title='bbox 457 3696 520 3780; x_wconf 88' lang='lat' dir='ltr'>seq.</span> <span class='ocrx_word' id='word_1_291' title='bbox 543 3696 623 3782; x_wconf 84' lang='lat' dir='ltr'>qu&#39;od</span> <span class='ocrx_word' id='word_1_292' title='bbox 640 3695 719 3759; x_wconf 85' lang='lat' dir='ltr'>lacus</span> <span class='ocrx_word' id='word_1_293' title='bbox 729 3696 874 3782; x_wconf 82' lang='lat' dir='ltr'>funebris</span> <span class='ocrx_word' id='word_1_294' title='bbox 896 3697 966 3761; x_wconf 85' lang='lat' dir='ltr'>Diis</span> <span class='ocrx_word' id='word_1_295' title='bbox 986 3699 1159 3785; x_wconf 81' lang='lat' dir='ltr'>cffitsacer.</span> <span class='ocrx_word' id='word_1_296' title='bbox 1197 3702 1287 3769; x_wconf 87' lang='lat' dir='ltr'>Hinc</span> 
     </span>
     <span class='ocr_line' id='line_1_34' title="bbox 248 3796 1286 3885; baseline 0.009 -25"><span class='ocrx_word' id='word_1_297' title='bbox 248 3796 305 3875; x_wconf 83' lang='lat' dir='ltr'>est,</span> <span class='ocrx_word' id='word_1_298' title='bbox 320 3796 407 3883; x_wconf 89' lang='lat' dir='ltr'>quod</span> <span class='ocrx_word' id='word_1_299' title='bbox 421 3796 464 3859; x_wconf 76' lang='grc' dir='ltr'>ἐπὶ</span> <span class='ocrx_word' id='word_1_300' title='bbox 478 3803 532 3860; x_wconf 80' lang='grc' dir='ltr'>τῶν</span> <span class='ocrx_word' id='word_1_301' title='bbox 553 3796 647 3880; x_wconf 75' lang='grc' dir='ltr'><strong><em>τάφων</em></strong></span> <span class='ocrx_word' id='word_1_302' title='bbox 664 3797 901 3885; x_wconf 66' lang='grc' dir='ltr'>περιστρέφονται,</span> <span class='ocrx_word' id='word_1_303' title='bbox 917 3822 981 3864; x_wconf 88' lang='lat' dir='ltr'>non</span> <span class='ocrx_word' id='word_1_304' title='bbox 1004 3801 1114 3866; x_wconf 82' lang='lat' dir='ltr'>sanum</span> <span class='ocrx_word' id='word_1_305' title='bbox 1133 3802 1204 3882; x_wconf 81' lang='lat' dir='ltr'>effe,</span> <span class='ocrx_word' id='word_1_306' title='bbox 1225 3825 1286 3870; x_wconf 86' lang='lat' dir='ltr'>nec</span> 
     </span>
     <span class='ocr_line' id='line_1_35' title="bbox 248 3896 1284 3987; baseline 0.009 -26"><span class='ocrx_word' id='word_1_307' title='bbox 248 3897 290 3961; x_wconf 89' lang='lat' dir='ltr'>de</span> <span class='ocrx_word' id='word_1_308' title='bbox 307 3897 470 3982; x_wconf 82' lang='lat' dir='ltr'>decurstone</span> <span class='ocrx_word' id='word_1_309' title='bbox 490 3896 567 3960; x_wconf 85' lang='lat' dir='ltr'>eirca</span> <span class='ocrx_word' id='word_1_310' title='bbox 582 3922 698 3985; x_wconf 81' lang='lat' dir='ltr'>rogum,</span> <span class='ocrx_word' id='word_1_311' title='bbox 713 3921 810 3985; x_wconf 87' lang='lat' dir='ltr'>quam</span> <span class='ocrx_word' id='word_1_312' title='bbox 831 3900 943 3987; x_wconf 81' lang='lat' dir='ltr'>attigit</span> <span class='ocrx_word' id='word_1_313' title='bbox 965 3902 1201 3968; x_wconf 87' lang='lat' dir='ltr'>Kirchmannus</span> <span class='ocrx_word' id='word_1_314' title='bbox 1220 3908 1284 3970; x_wconf 90' lang='grc' dir='ltr'><strong>ΙΙΙ.</strong></span> 
     </span>
     <span class='ocr_line' id='line_1_36' title="bbox 248 3997 1285 4092; baseline 0.011 -32"><span class='ocrx_word' id='word_1_315' title='bbox 248 4017 283 4084; x_wconf 87' lang='grc'>3.</span> <span class='ocrx_word' id='word_1_316' title='bbox 305 4011 362 4061; x_wconf 92' lang='lat' dir='ltr'>aut</span> <span class='ocrx_word' id='word_1_317' title='bbox 375 3997 438 4062; x_wconf 89' lang='lat' dir='ltr'>alia</span> <span class='ocrx_word' id='word_1_318' title='bbox 451 4020 484 4062; x_wconf 88' lang='lat' dir='ltr'>re</span> <span class='ocrx_word' id='word_1_319' title='bbox 498 3998 601 4088; x_wconf 90' lang='lat' dir='ltr'>accipi</span> <span class='ocrx_word' id='word_1_320' title='bbox 623 4000 720 4085; x_wconf 84' lang='lat' dir='ltr'>poffe,</span> <span class='ocrx_word' id='word_1_321' title='bbox 742 3999 795 4065; x_wconf 92' lang='lat' dir='ltr'>sed</span> <span class='ocrx_word' id='word_1_322' title='bbox 810 4001 983 4088; x_wconf 84' lang='lat' dir='ltr'>legendum</span> <span class='ocrx_word' id='word_1_323' title='bbox 1004 4006 1045 4068; x_wconf 69' lang='lat' dir='ltr'>ixl</span> <span class='ocrx_word' id='word_1_324' title='bbox 1064 4032 1093 4069; x_wconf 87' lang='grc' dir='ltr'>τ.</span> <span class='ocrx_word' id='word_1_325' title='bbox 1109 4033 1138 4070; x_wconf 87' lang='grc' dir='ltr'>τ.</span> <span class='ocrx_word' id='word_1_326' title='bbox 1153 4006 1285 4092; x_wconf 57' lang='grc' dir='ltr'>περιστέ-</span> 
     </span>
    </p>
   </div>
   <div class='ocr_carea' id='block_1_23' title="bbox 159 4096 1286 4196">
    <p class='ocr_par' dir='ltr' id='par_1_23' title="bbox 159 4096 1286 4196">
     <span class='ocr_line' id='line_1_37' title="bbox 159 4096 1286 4196; baseline 0.009 -35"><span class='ocrx_word' id='word_1_327' title='bbox 159 4127 161 4130; x_wconf 95' lang='grc'><strong><em>·</em></strong></span> <span class='ocrx_word' id='word_1_328' title='bbox 244 4117 354 4181; x_wconf 69' lang='lat' dir='ltr'>power,</span> <span class='ocrx_word' id='word_1_329' title='bbox 376 4096 410 4162; x_wconf 91' lang='lat' dir='ltr'>in</span> <span class='ocrx_word' id='word_1_330' title='bbox 432 4099 582 4185; x_wconf 86' lang='lat' dir='ltr'>sepulcris</span> <span class='ocrx_word' id='word_1_331' title='bbox 604 4114 810 4181; x_wconf 88' lang='lat' dir='ltr'>coronantur,</span> <span class='ocrx_word' id='word_1_332' title='bbox 833 4102 855 4165; x_wconf 91' lang='lat' dir='ltr'>i.</span> <span class='ocrx_word' id='word_1_333' title='bbox 876 4125 909 4166; x_wconf 89' lang='lat' dir='ltr'><strong>e.</strong></span> <span class='ocrx_word' id='word_1_334' title='bbox 925 4115 960 4166; x_wconf 64' lang='lat' dir='ltr'>&#39;et</span> <span class='ocrx_word' id='word_1_335' title='bbox 968 4107 1007 4191; x_wconf 80' lang='lat' dir='ltr'><em>st</em></span> <span class='ocrx_word' id='word_1_336' title='bbox 1028 4105 1084 4193; x_wconf 75' lang='lat' dir='ltr'>ipſs</span> <span class='ocrx_word' id='word_1_337' title='bbox 1103 4118 1131 4170; x_wconf 83' lang='lat' dir='ltr'>ct</span> <span class='ocrx_word' id='word_1_338' title='bbox 1141 4106 1286 4196; x_wconf 79' lang='lat' dir='ltr'>scpulcra</span> 
     </span>
    </p>
   </div>
   <div class='ocr_carea' id='block_1_24' title="bbox 248 4201 1287 4394">
    <p class='ocr_par' dir='ltr' id='par_1_24' title="bbox 248 4201 1287 4394">
     <span class='ocr_line' id='line_1_38' title="bbox 248 4201 1284 4296; baseline 0.008 -29"><span class='ocrx_word' id='word_1_339' title='bbox 248 4213 398 4280; x_wconf 71' lang='lat' dir='ltr'>manant,</span> <span class='ocrx_word' id='word_1_340' title='bbox 412 4201 467 4288; x_wconf 91' lang='lat' dir='ltr'>qui</span> <span class='ocrx_word' id='word_1_341' title='bbox 484 4201 563 4267; x_wconf 82' lang='lat' dir='ltr'>ritus</span> <span class='ocrx_word' id='word_1_342' title='bbox 577 4223 730 4291; x_wconf 88' lang='lat' dir='ltr'>perquam</span> <span class='ocrx_word' id='word_1_343' title='bbox 747 4206 790 4269; x_wconf 90' lang='lat' dir='ltr'>est</span> <span class='ocrx_word' id='word_1_344' title='bbox 804 4205 966 4294; x_wconf 81' lang='lat' dir='ltr'>cognitus,</span> <span class='ocrx_word' id='word_1_345' title='bbox 983 4222 1104 4273; x_wconf 89' lang='lat' dir='ltr'>namet</span> <span class='ocrx_word' id='word_1_346' title='bbox 1119 4208 1172 4296; x_wconf 78' lang='lat' dir='ltr'>ipss</span> <span class='ocrx_word' id='word_1_347' title='bbox 1195 4233 1284 4275; x_wconf 93' lang='lat' dir='ltr'>mor-</span> 
     </span>
     <span class='ocr_line' id='line_1_39' title="bbox 250 4303 1287 4394; baseline 0.009 -24"><span class='ocrx_word' id='word_1_348' title='bbox 250 4303 298 4389; x_wconf 86' lang='lat' dir='ltr'>tui</span> <span class='ocrx_word' id='word_1_349' title='bbox 312 4306 561 4385; x_wconf 82' lang='lat' dir='ltr'>coronabantur,</span> <span class='ocrx_word' id='word_1_350' title='bbox 576 4306 656 4371; x_wconf 87' lang='lat' dir='ltr'>etin</span> <span class='ocrx_word' id='word_1_351' title='bbox 671 4306 776 4394; x_wconf 87' lang='lat' dir='ltr'>epulis</span> <span class='ocrx_word' id='word_1_352' title='bbox 791 4308 977 4375; x_wconf 84' lang='lat' dir='ltr'>funebribus</span> <span class='ocrx_word' id='word_1_353' title='bbox 996 4310 1134 4376; x_wconf 81' lang='lat' dir='ltr'>convivae</span> <span class='ocrx_word' id='word_1_354' title='bbox 1150 4335 1287 4379; x_wconf 87' lang='lat' dir='ltr'>coronas</span> 
     </span>
    </p>
   </div>
   <div class='ocr_carea' id='block_1_25' title="bbox 0 0 1362 4770">
    <p class='ocr_par' dir='ltr' id='par_1_25' title="bbox 0 0 1362 4770">
     <span class='ocr_line' id='line_1_40' title="bbox 0 0 1362 4770; baseline 0 0"><span class='ocrx_word' id='word_1_355' title='bbox 0 0 1362 4770; x_wconf 95' lang='lat' dir='ltr'> </span> 
     </span>
    </p>
   </div>
  </div>
 </body>
</html>
