2714 4770
195 379 197 382 -
230 343 310 439 DE
329 345 439 406 1st
457 335 512 405 ΕΤ
531 340 708 405 osffllme.
728 346 754 425 p
771 345 958 423 wll-E·
1072 364 1128 428 ⁸5³

89 528 168 570 meve
184 517 306 595 >nuptm
316 505 388 593 five
399 517 433 570 ut
444 502 524 592 cesta
539 518 675 594 peraque
696 505 740 570 ad
755 504 855 570 viram
868 505 1003 571 venires
1013 505 1085 594 'five
1096 521 1133 575 ul

89 610 191 697 ignem
203 620 295 699 alque
306 634 417 698 aquam
428 633 495 674 nem
508 609 574 674 viro
587 608 820 674 mmmmreiearel.
944 654 946 659 -

134 727 211 800 377.
224 714 264 779 Β.
286 713 435 778 θάπισθαι
449 715 495 778 τὸν
503 711 826 801 Ὄσιριν-4311319133]
851 715 972 780 Mensis
987 715 1134 804 Pheophi

92 837 275 903 congruens
293 817 428 883 oeobri
441 829 476 882 et
490 830 601 905 pertus
619 816 828 904 Harpocratie
849 816 979 884 solstitio
995 818 1133 885 hiberno

95 919 194 984 habet
212 920 411 1007 probabilem
429 921 599 1000 rationem,
618 942 716 1009 quam
736 920 912 1008 expediunt
930 919 1078 1009 Cupeme
1099 912 1134 989 in

95 1025 297 1110 Herpoerete
311 1045 343 1110 p.
357 1044 391 1110 3.
410 1037 444 1089 et
457 1023 661 1090 Jeblonlkiue
684 1024 800 1089 Pantb.
815 1024 895 1111 AEg.
913 1025 947 1089 P.
963 1026 990 1089 Ι.
1006 1045 1040 1110 p.
1058 1025 1134 1092 368.

96 1126 183 1213 sequ.
211 1126 366 1212 Opuscul.
382 1127 427 1192 11.
441 1149 473 1214 p.
487 1143 561 1213 245.
574 1141 608 1193 at
622 1128 735 1192 festum
749 1124 909 1214 puerperii
922 1124 1053 1192 demum
1068 1129 1137 1214 post
1217 1126 1223 1138 '

96 1251 227 1294 vernum
260 1225 491 1317 equinoffium
523 1232 577 1320 agi
607 1254 672 1298 non
702 1232 782 1297 item
810 1229 949 1296 canisem
976 1230 1075 1297 hebet
1102 1231 1137 1297 in

96 1346 229 1418 promtu
242 1333 341 1398 fitam.
383 1334 482 1422 Quod
496 1333 638 1401 Reilkiue
653 1333 877 1422 pro-impipmrr
887 1327 1138 1427 veltet-pipam

96 1434 148 1499 vel
166 1435 361 1523 προσφέρουσι,
385 1449 506 1503 temere
527 1439 589 1502 est:
613 1439 655 1503 fio
676 1461 709 1524 p.
724 1439 800 1524 378.
822 1437 863 1502 C.
898 1434 1029 1505 Dicitur
1046 1431 1164 1509 etde,

99 1536 221 1603 honore
235 1538 452 1625 sepulcrorum
467 1564 496 1605 v.
511 1564 541 1606 c.
559 1540 732 1606 Plutarcho
745 1542 832 1628 Opp.
850 1541 940 1605 Mor.
957 1560 992 1626 p.
1008 1554 1081 1623 373.
1095 1532 1137 1604 Ε.
1226 1544 1229 1555 “

97 1638 284 1725 vit.19.F.
310 1642 435 1724 172.C.
462 1661 535 1731 ¹90·
547 1645 588 1708 A.
605 1659 682 1729 475.
695 1646 740 1709 D.
757 1643 886 1727 9130.
909 1656 984 1728 954.
994 1641 1034 1705 Β.
1063 1638 1140 1706 Alie

98 1741 282 1808 notavimus
295 1743 381 1809 Bibl.
397 1744 481 1810 Crit.
498 1746 561 1810 Ill.
578 1747 625 1810 11.
640 1768 674 1832 p.
689 1765 741 1828 14.
1250 1828 1253 1835 Δ

140 1860 217 1931 377.
227 1845 267 1910 C.
283 1847 478 1934 pellemini]
497 1848 677 1934 Aequiesco
688 1847 721 1912 in
729 1838 801 1930 pmii
814 1846 955 1911 luxoriae·
965 1846 994 1911 ·i.
1005 1868 1036 1911 e.
1046 1864 1141 1935 meque

100 1946 270 2032 religionem
285 1948 508 2037 deosfimgemdi.
545 1940 598 2014 s'ic
614 1948 877 2036 Porphyrius-De
890 1947 1014 2013 Abstin.
1032 1949 1092 2015 IV.
1107 1968 1142 2035 9.

102 2048 216 2114 Pollux
232 2050 324 2135 1.13.
340 2049 431 2116 sensu
443 2052 509 2116 fere
521 2050 637 2117 eodem
651 2051 848 2138 ufurpatum,
860 2064 968 2115 tamen
983 2063 1022 2115 ut
1035 2049 1143 2115 minue

101 2152 251 2238 probum,
266 2165 369 2217 notat.
990 2174 993 2180 ’

146 2269 222 2338 377.
237 2255 282 2319 D.
303 2254 400 2340 ἔχουσι
416 2256 464 2320 καὶ
477 2255 674 2342 γινώσκουσιν]
698 2255 801 2321 Nunc
814 2277 874 2342 pro
889 2253 1074 2320 Indieetivis
1087 2276 1144 2323 ae·-

103 2356 221 2443 eipere,
236 2357 343 2431 babent
355 2369 383 2421 et
394 2360 585 2446 eogmffcunt:
608 2372 717 2425 tamen
732 2357 856 2434 iremus
870 2352 981 2424 tuear.

144 2475 221 2543 377.
237 2459 281 2524 D.
300 2458 508 2546 lreypeiemm]
535 2460 586 2525 Ita
599 2459 774 2548 legendum
790 2483 886 2526 nemo
901 2459 1073 2539 dubitabit,
1088 2457 1145 2547 qni

102 2559 167 2624 vim
189 2557 288 2648 hujus
307 2560 408 2627 Verbi
421 2575 543 2643 teneat,
564 2575 711 2628 accurate
725 2564 898 2649 expofitem
913 2584 932 2627 a
947 2561 1146 2627 Ruhnkenio

104 2661 146 2727 ad
169 2661 255 2726 Tim.
277 2683 311 2748 p.
336 2663 388 2726 81.
411 2661 482 2750 jam
510 2664 542 2728 in
570 2663 684 2729 eadem
709 2665 814 2730 cauffa
839 2663 933 2730 nobis
956 2663 1088 2730 laudato
1110 2684 1144 2750 p.

104 2766 180 2849 360.
196 2764 239 2828 A.

149 2881 225 2950 377.
242 2866 287 2946 D,
303 2867 341 2929 E.
358 2865 749 2953 Arinem-menervinen]
776 2870 839 2936 Ree
851 2868 948 2937 utiles
961 2858 1148 2935 nominibus

106 2969 253 3032 Deorum
275 2967 436 3056 insignire,
450 2968 681 3056 antiquissimus
696 2991 785 3033 mos:
807 2969 848 3035 de
863 2991 929 3056 quo
943 2969 1017 3034 satie
1031 2969 1076 3033 est
1089 2968 1148 3033 (n.
1273 2996 1276 3002 ¹

108 3091 258 3135 ceronem
273 3069 425 3136 adhibere
438 3072 517 3135 Nat.
532 3072 633 3136 Deor.
651 3073 696 3137 11.
713 3090 751 3157 23
766 3095 774 3136 ε
800 3071 959 3160 Quidquid
969 3071 1046 3134 emim
1058 3092 1149 3157 mag·

107 3195 179 3235 mem
191 3168 353 3259 ulililalem
363 3171 466 3258 generi
479 3170 612 3259 adferret
625 3173 762 3251 humano,
779 3172 814 3236 id
830 3195 887 3237 mem
894 3173 964 3258 stne
977 3171 1084 3236 divim
1098 3171 1150 3235 boz

106 3276 203 3342 mirate
227 3298 301 3362 erge
325 3275 452 3339 hormines
468 3273 544 3364 fieri
567 3275 803 3340 arbitrabamur.
847 3277 955 3364 Itaque
980 3287 1042 3339 lum
1069 3271 1154 3338 illud

107 3380 187 3466 quod
204 3388 269 3442 eme
288 3402 308 3442 a
328 3377 394 3443 Deo
411 3389 531 3458 malum,
550 3379 666 3443 momine
683 3379 770 3467 ipſsus
784 3379 847 3443 Dei
862 3377 1073 3466 rumpebant
1082 3401 1096 3456 ,e
1111 3387 1152 3440 -ret

109 3505 174 3545 eum
184 3479 297 3566 fruges
321 3480 452 3545 Cererem
473 3479 671 3568 appellamus:
691 3483 796 3545 vinum
815 3493 920 3563 eutem!
934 3481 1093 3544 Liberum:
1115 3503 1153 3549 ee
1286 3520 1289 3526 ¹

110 3606 168 3673 quo
186 3581 266 3645 illud
278 3583 406 3663 Terenti,
425 3584 496 3650 Sine
511 3584 614 3649 Cerere
629 3595 658 3647 el
671 3582 889 3671 Liberofrigel
907 3583 1013 3648 Venus.
1058 3581 1152 3647 Alio·

111 3708 184 3752 rum
204 3683 376 3754 sententias
390 3685 479 3750 hunc
491 3707 616 3751 morem
629 3685 901 3773 reprehendentes
911 3683 1076 3749 annotavit
1085 3683 1154 3747 Der

110 3789 215 3853 vifius.
255 3787 469 3873 Phersepbon'ee
482 3789 608 3854 notatio
621 3811 641 3853 a
654 3791 726 3874 piper
739 3803 775 3853 et
789 3787 887 3871 mmm
900 3788 944 3851 est
958 3787 990 3850 in
1007 3783 1154 3871 Orphie'o

111 3893 250 3979 Hymno
272 3891 433 3955 XXVIII.
457 3892 508 3956 16.
530 3891 608 3957 aliae
627 3891 851 3980 Etymologine
869 3890 948 3956 dant
964 3887 1155 3953 Plutemhue
1191 3926 1194 3933 ι

112 3995 165 4059 De
186 3993 291 4059 Vultu
313 3994 415 4059 Lunae
439 4015 472 4078 p.
492 4013 568 4081 942.
592 3995 637 4060 D.
684 3994 774 4059 Plato
797 3991 931 4080 Cratylo
954 4014 987 4079 p.
1007 3993 1082 4076 365.
1105 3991 1153 4057 H‘.

114 4094 310 4183 Porphyrius
325 4096 376 4161 De
390 4095 515 4161 Abstin.
531 4096 592 4160 IV.
608 4099 659 4161 16.
674 4094 741 4184 seq.
775 4094 920 4184 Etymol.
936 4096 987 4158 M.
1003 4091 1036 4157 in
1051 4095 1154 4159 Vooe.

115 4199 153 4262 ln
170 4198 338 4265 Cleanthis
360 4199 527 4265 notatione
545 4200 627 4266 ratio
647 4199 759 4265 Stoice
773 4199 872 4264 exstet
894 4197 1021 4286 prodite
1041 4197 1155 4264 iteme

116 4299 273 4367 Cicerone
292 4302 405 4368 eodem
427 4303 459 4369 in
481 4301 563 4368 libro
584 4300 630 4368 11.
649 4303 710 4372 28:
735 4303 983 4390 Deurpertimeme
994 4316 1048 4389 per
1061 4311 1155 4364 mene-
