2714 4770
225 335 281 413 ιιι
362 337 401 397 o.
423 336 472 398 w.
492 336 690 398 ιυιιιευν.
711 337 755 395 ευ
777 335 1013 399 ειυτειιοιιι
1033 335 1113 397 mn.
1182 332 1187 342 “

221 493 298 561 dem
317 498 377 562 IV.
395 518 430 584 p.
446 517 519 583 191.
535 500 571 564 F.
594 497 638 563 est
659 496 783 566 mentio
800 497 843 563 de
864 496 1051 585 frugalitate
1065 495 1099 562 in
1112 497 1267 564 conviviis

222 612 367 695 veterbm
382 600 635 688 AEgyptiorum:
659 600 802 682 κοιίήμενοι
818 604 878 688 γάρ
890 598 1022 664 ίδείτνουν
1036 606 1121 687 τροφή
1137 606 1170 688 τῇ
1184 616 1265 667 λιτο·

174 782 181 789 ᾖ
220 698 293 788 τάτή
312 702 360 765 καί
381 702 552 789 ὑγιεινοτάτῃ
569 700 722 788 χρώμενοι,
745 703 793 766 καί
815 700 876 789 οίνιρ
895 701 1027 790 τοσοείίερκ
1038 701 1100 778 ίσος
1121 703 1212 778 ίκοινδς
1231 701 1266 769 νίν

219 803 325 890 γίνοιτο
339 806 406 891 πρὸς
419 803 557 887 εὐθυμίαν.
600 805 771 871 Diverfitas
791 805 954 891 scripturae
976 805 1010 870 in
1032 805 1165 871 nomine
1179 806 1265 893 regis

122 944 124 948 ·
223 905 391 985 Tecbnatis,
407 922 464 972 aut
482 907 640 973 scribendi
654 921 711 973 aut
726 908 961 995 pronunciandi
982 907 1194 996 negligentiae
1208 908 1266 975 de·

221 1007 336 1074 betur:
361 1008 402 1074 de
423 1031 487 1096 qua
510 1008 633 1075 notavit
656 1009 892 1099 Weffelingiue.
909 1009 951 1076 ad
973 1009 1074 1076 Diod.
1099 1009 1166 1075 Sic.
1189 1008 1215 1074 l.
1232 1031 1263 1083 c.

220 1108 308 1174 Nam
335 1109 476 1175 Νιᾶαίὶε
504 1111 597 1176 Plinii
623 1114 668 1178 N.
697 1113 745 1177 H.
777 1113 936 1179 XXXVI.
961 1132 1014 1200 19,
1038 1133 1069 1180 υ.
1097 1111 1181 1181 aliua
1209 1110 1264 1176 est.

220 1213 264 1278 Et
281 1213 315 1277 in
334 1211 439 1279 Menis
458 1215 590 1280 nomine
611 1215 768 1296 variatum
782 1216 848 1304 qui
862 1216 939 1283 alibi
952 1216 1101 1286 Diodoro
1113 1217 1150 1282 S.
1167 1216 1195 1280 Ι.
1209 1233 1264 1300 94.

220 1315 331 1394 Μυσίης
346 1317 401 1382 est.

262 1435 339 1505 354.
359 1420 400 1500 B,
420 1419 461 1485 C.
484 1424 524 1483 Oi
548 1422 575 1484 di
598 1422 978 1509 βασιλεῖς-άτικάλυψεν.]
1012 1424 1093 1489 Hoec
1115 1420 1266 1488 Stobaeufl

220 1520 361 1609 reposuit
381 1519 490 1586 Floril.
511 1521 580 1586 Tit.
600 1523 710 1587 XLII.
732 1543 764 1609 p.
782 1541 856 1609 294.
879 1523 959 1588 edit.
983 1523 1083 1587 Gesn.
1104 1519 1264 1607 adscripto

221 1621 380 1688 Plutarchi
393 1623 467 1688 libro
480 1624 517 1687 de
530 1624 625 1710 Istae.-
647 1623 680 1689 in
694 1625 943 1691 Trincavelliana
954 1639 987 1691 et
1000 1622 1192 1690 Damasceni
1204 1625 1263 1688 Pa·

220 1725 321 1791 rallel.
343 1726 416 1791 MS.
440 1724 531 1791 nullo
552 1725 691 1793 audoris
713 1725 823 1792 librive
845 1727 976 1793 nomine
997 1726 1121 1791 addito.
1159 1726 1265 1813 Reges

209 1826 320 1907 jetiam
345 1850 365 1893 e
387 1828 528 1894 militum
553 1829 667 1895 ordine
692 1829 805 1910 ledor,
831 1829 864 1895 in
891 1831 1092 1897 sacerdotnm
1116 1826 1264 1895 ordinem

218 1926 309 2016 alfigi
322 1928 432 1996 solitos
446 1932 519 2011 effe,
528 1931 679 1996 convenit
691 1954 766 1997 curn
779 1930 944 1997 Strabonis
957 1929 1139 1996 narratione
1150 1930 1264 1995 XVII.

220 2051 254 2117 p.
269 2047 364 2118 1135.
382 2031 432 2097 C:
456 2033 517 2098 οίδ
538 2036 614 2119 ίερεῑς
632 2033 680 2098 καί
701 2031 865 2115 φιλοσοφίαν
885 2033 998 2111 ήσκουν,
1017 2021 1151 2115 ὁμιλήτάί
1164 2057 1197 2097 τε
1210 2039 1265 2096 τῶν

218 2132 361 2212 βασιλίσιν
383 2132 466 2211 ἦσαν.
510 2133 649 2201 Diodori
670 2134 736 2201 Sic.
759 2136 787 2199 I.
806 2151 859 2220 70.
882 2147 917 2200 et
938 2134 1044 2222 magis
1065 2134 1165 2200 etiam
1187 2155 1264 2199 cum

220 2234 354 2316 Platone
374 2235 500 2303 Politic.
515 2238 638 2324 p.183.
654 2239 707 2305 G:
728 2238 788 2324 περὶ
803 2239 854 2321 μὲν
868 2236 1013 2322 Αίγυιιτον
1026 2240 1078 2302 οὐδ’
1096 2237 1188 2318 ἔξεστι
1201 2241 1263 2319 βοι-

217 2337 304 2404 σιλία
325 2340 415 2425 χειρίς
440 2346 575 2428 ίεςατικής
596 2338 707 2428 άρχειν·
735 2342 802 2404 ἁλλ’
826 2343 872 2405 ίὰν
893 2339 951 2428 ὅρα
972 2340 1020 2405 καί
1041 2339 1115 2428 τίχγ
1136 2337 1265 2428 τράεερον

218 2443 251 2519 if
271 2439 362 2506 άλλου
383 2440 477 2527 γε’νους
498 2439 678 2524 βιασάμενος,
701 2440 813 2528 ὕστερον
833 2445 988 2528 άνοιγκαῖον
1008 2447 1045 2518 είς
1065 2448 1148 2506 τοῦτο
1168 2445 1261 2506 είστε-

218 2544 327 2606 λιῖοθαι
342 2545 425 2607 αὐτὸν
437 2547 469 2608 τὸ
483 2544 573 2629 γένος.
609 2545 758 2631 Synefiua
772 2545 825 2609 De
842 2544 966 2610 Provid.
981 2567 1015 2632 p.
1025 2565 1079 2631 93.
1094 2546 1139 2610 D.
1154 2544 1264 2632 ibique

187 2718 190 2727 1
219 2644 379 2712 Petavius.
413 2646 512 2711 Conf.
535 2645 708 2712 Schmidtii
725 2648 769 2713 V.
790 2647 843 2712 Cl.
866 2647 993 2713 Differt.
1013 2649 1066 2713 De
1083 2647 1213 2714 Sacerd.
1229 2663 1264 2714 et

218 2747 332 2814 Sacris.
347 2749 485 2837 AEgypt.
501 2771 535 2836 p.
548 2750 601 2835 83.
638 2747 778 2836 megaris
792 2749 836 2813 est
849 2750 1068 2835 paronomafia
1081 2751 1115 2814 in
1130 2750 1265 2834 ἐμφάσεις

217 2863 252 2917 et
270 2853 527 2940 διαφάσειςγίρεια
542 2853 573 2917 in
587 2852 695 2942 quibus
709 2864 738 2916 et
747 2868 803 2942 per
815 2876 881 2942 quae
893 2853 1005 2916 veritas
1019 2866 1162 2941 apparet.-
1178 2869 1215 2919 ut
1228 2853 1262 2918 in

216 2954 347 3022 Dese&
368 2956 466 3021 Orac.
488 2977 520 3042 p.
532 2971 608 3040 417.
624 2956 770 3020 Βι-τῶν
789 2963 944 3038 μυστικῶν,
959 2958 986 3018 iv
1005 2955 1042 3031 οίς
1055 2959 1107 3031 τοὶς
1120 2955 1265 3042 μεγίστας

218 3057 353 3139 ίμφάσεις
377 3058 426 3122 καί
447 3057 590 3139 διαφάσεις
612 3060 712 3134 λαβεῖν
738 3059 800 3121 ἔστι
821 3063 869 3134 τῆς
889 3059 949 3143 τερί
971 3057 1102 3140 δαιμόνων
1123 3058 1264 3138 άλήίείας.

218 3159 437 3247 symbolicam
466 3158 620 3225 doetrinae
649 3159 806 3225 rationem
836 3160 1019 3226 notabimus
1049 3161 1198 3248 proximo
1227 3165 1263 3229 F.

216 3260 379 3348 Sphingos
400 3265 535 3341 ἐπιεικῶς,
546 3261 628 3348 satis
639 3259 831 3348 frequenter,
853 3262 912 3346 (ita
928 3263 1015 3327 enim
1037 3263 1263 3351 accipiendum

216 3361 405 3428 monuimus
419 3385 459 3450 ·p.
474 3383 530 3448 43.
552 3365 607 3446 E.)
633 3376 710 3428 ante
732 3364 853 3451 templa
874 3363 953 3451 poni
974 3364 1093 3446 solitas,
1113 3366 1199 3432 testie
1218 3368 1263 3433 est

214 3465 333 3530 Strabo
349 3467 460 3531 XVII.
477 3487 511 3553 p.
526 3465 562 3530 ir
565 3467 621 3551 58.
637 3466 682 3531 D.
701 3465 735 3532 in
753 3464 965 3553 descriptione
984 3467 1182 3556 templorum
1197 3471 1260 3536 AE·

214 3566 426 3657 gyptiorum:
450 3569 495 3631 did
516 3569 544 3632 di
565 3575 615 3632 τοῦ
630 3569 735 3652 μήκους
751 3571 851 3644 παντὸς
873 3571 931 3655 (τῆς
948 3572 1078 3650 εἰσβολῆς
1099 3573 1137 3646 είς
1156 3573 1190 3636 τδ
1212 3571 1261 3638 τί·

212 3675 304 3758 μενος)
322 3674 362 3757 ίφ’
377 3672 498 3760 ίκάτερα
510 3680 559 3738 τοῦ
571 3674 696 3749 πλάτους
708 3673 832 3760 σφίγγες
843 3674 964 3761 ίδρυνται
980 3675 1092 3757 λίίιναι,
1106 3676 1207 3764 τήχεις
1220 3677 1261 3744 εί-

214 3799 294 3840 κοσιν
307 3771 324 3853 ή
336 3780 429 3861 μικρῷ
441 3774 551 3850 πλείους
564 3778 612 3839 ἆτ’
626 3777 759 3854 ἀλλήλοιν
775 3776 930 3863 διέχουσαν,
941 3776 1004 3843 abd
1020 3777 1067 3843 Im
1078 3780 1130 3863 μδν
1142 3785 1176 3859 ia
1188 3782 1263 3860 δεξι-

148 3916 153 3925 ·
215 3885 251 3943 οἷον
273 3878 341 3942 είναι
362 3878 465 3965 στίχον
486 3887 541 3942 τῶν
559 3887 703 3965 σφιγγῶν,
722 3880 770 3943 ἕνα
791 3881 814 3944 δ’
835 3884 866 3960 ἐξ
888 3881 1037 3966 εὐωνύμων·
1059 3873 1133 3966 μετὰ
1158 3885 1187 3948 δὲ
1210 3887 1262 3960 τὰς

213 3980 345 4068 σφίγγας
358 3980 494 4069 τράτυλον
507 3981 598 4067 μίγα,
614 3981 662 4045 είτ’
678 3981 753 4046 ἄλλο
766 3983 922 4070 τροελίάντι
940 3985 1090 4074 τρίτυλον,
1105 3987 1153 4054 εἶτ’
1171 3984 1260 4052 ἄλλο·

214 4085 265 4147 οὔκ
279 4082 340 4147 ἔστι
354 4084 382 4147 δί
396 4082 572 4172 διωρισμίνος
585 4084 696 4171 άριθμδς
711 4082 772 4149 οὔτε
786 4095 841 4150 τῶν
854 4089 1012 4172 τροτάλουν,
1026 4087 1088 4155 οὗτε
1100 4096 1156 4154 τάν
1167 4105 1262 4176 σφιγ-

213 4190 283 4272 γῶν
308 4183 389 4250 ἄλλα
410 4187 437 4249 δὲ
460 4190 487 4251 iv
508 4183 607 4285 ἄλλοις
625 4189 715 4273 ίεροῖς,
732 4184 825 4276 άστερ
844 4190 893 4252 καί
908 4191 945 4251 τοὶ
958 4190 1034 4273 μήκη
1049 4190 1098 4254 καί
1113 4192 1152 4254 τά
1164 4188 1262 4268 πλέη

142 4301 144 4307 ’
212 4286 396 4375 εὸνδρίμαν.
428 4287 840 4398 SynefinaDeProvidp.
854 4309 926 4356 101.
947 4291 1071 4371 (ἕο-ἦ
1091 4292 1264 4378 σφίγξ·’ήαῖι
1304 4328 1308 4334 -
