2714 4770
201 327 203 333 ’
328 361 385 419 nu
405 360 515 421 ismu
536 362 588 421 ur
608 361 783 421 osmunt
805 364 1016 440 pisino.
1062 407 1066 413 .
1132 366 1187 443 τις

152 519 286 585 tentiam
307 520 414 597 refert,
435 520 552 584 animas
571 521 625 608 ff
639 521 699 585 Dei
716 520 927 608 instrumenta.-
949 544 1046 611 quam
1070 522 1191 589 notavi-

153 644 225 687 mus
240 644 273 708 p.
289 623 413 708 163.E.
898 646 903 653 ·
1016 610 1019 614 Δ

194 725 270 810 382.
285 725 324 790 B.
345 726 427 807 μηδεν
448 722 577 810 ἶριψιιχον
594 726 876 815 ἀψύχου-κρεῖττον
891 727 1077 792 εἶναι-καθ’
1095 727 1190 817 Ἡρά-

152 826 290 909 κλειτον]
311 828 363 892 Est
384 826 506 915 aliquid
527 827 682 894 Platonici
696 851 735 895 ex
751 831 834 918 Leg.
848 832 891 897 V.
910 852 943 918 p.
958 833 1032 913 604.
1053 832 1107 898 Dr
1130 834 1190 909 iev-

148 934 334 1015 χῆς-σῶμον
352 929 607 1016 inspirantibus
622 936 636 994 i
650 931 734 1017 λόγος
747 935 827 1012 φησὶν
845 932 912 997 εἶναι
925 933 1095 1016 ψιυδᾶμενος·
1118 935 1193 999 odiit

150 1034 209 1119 γὰρ
222 1034 338 1118 γηγενὶς
359 1033 498 1116 ὀλυμπίων
516 1032 794 1122 ἐντιμότερον-σᾶς
815 1039 873 1122 γὰρ
887 1035 939 1099 ὅτ’
955 1037 997 1099 lrl
1010 1041 1062 1120 γῆς
1078 1036 1126 1100 καὶ
1141 1037 1192 1100 tsi

150 1139 203 1218 γῆς
229 1139 349 1222 χρυσὸς,
376 1141 472 1225 ἀρετῆς
500 1139 551 1201 οὖν
579 1137 718 1216 ἀντάξιος.
763 1136 923 1203 Heracliti
947 1137 1069 1204 dilium
1095 1137 1192 1225 paulo

151 1235 310 1324 integrius
325 1235 471 1323 apposuit
483 1235 651 1324 Diogenes
665 1239 772 1304 Laert.
790 1239 849 1304 IX.
866 1259 899 1303 1:
921 1237 1076 1321 σολυμιιθίη
1091 1237 1148 1303 νόον
1161 1243 1192 1304 οὐ

152 1339 284 1403 διδάσκει·
305 1338 433 1406 Ἡσίοδον
452 1344 512 1428 γὰρ
530 1338 564 1404 ἂν
582 1340 686 1420 illisit
707 1344 755 1406 sal
777 1342 958 1431 Πνθοιγέρεεν,
970 1326 1090 1419 αὗθῖςιτε
1105 1346 1192 1410 Ξενο-

156 1439 243 1521 φάνείε
255 1466 288 1505 τε
311 1442 358 1506 καὶ
376 1445 539 1507 Ἑκαταῖον·
563 1442 629 1508 εἶναι
644 1447 704 1532 γὰρ
715 1445 743 1509 ir
759 1447 791 1509 ri
805 1447 888 1528 σοφὸν
903 1445 1068 1511 ἐνίστασθαι
1081 1445 1194 1531 γνώμην

151 1545 197 1620 ἤτε
219 1549 244 1608 οἶ
264 1545 457 1632 ἔγκυβνρνῆσιι
482 1545 574 1611 roim
599 1549 644 1610 διὰ
664 1548 784 1614 πάντων.
828 1551 986 1615 Postrema
998 1549 1057 1641 ¹nil
1081 1549 1193 1616 mendi

150 1644 268 1713 habere
282 1648 333 1713 vix
346 1649 514 1715 affirmem.
550 1652 587 1715 ln
605 1650 777 1717 Plutarcho
791 1650 924 1738 quidem
939 1650 1115 1740 legendum
1128 1674 1190 1739 pu·

149 1762 217 1814 tem
231 1752 264 1814 ist
277 1759 326 1815 τοῦ
339 1760 492 1839 φρονοῦντος
506 1751 560 1839 ὅτῳ
574 1756 741 1840 κυβερνᾶται
760 1753 820 1819 τόδε
841 1752 1022 1836 σύμπαν-ἰ.
1037 1775 1067 1819 e.
1090 1755 1192 1819 anima

150 1851 302 1937 ffwism
323 1878 358 1918 ac
373 1855 555 1941 particulam
570 1856 666 1921 traxit
680 1881 716 1920 ex
730 1858 874 1944 cogitante
889 1881 943 1944 quo
957 1860 1008 1922 boc
1021 1856 1193 1944 universum

147 1955 347 2040 gubernatur.
391 1958 442 2021 Est
462 1971 572 2023 autem
588 1957 669 2023 illud
682 1959 825 2045 cogitans,
840 1966 960 2044 φρονοῦν,
976 1959 1056 2026 illud
1071 1981 1192 2024 numen

153 2055 241 2122 huuc
270 2058 430 2124 mundum
460 2061 656 2147 gubernans,
687 2060 742 2126 illa
771 2060 953 2127 communis
986 2061 1079 2141 ratio,
1108 2061 1194 2133 νοινός

150 2162 246 2245 λόγος·
270 2183 367 2249 quam
390 2160 490 2226 homo
510 2162 642 2229 trahens
660 2163 726 2249 ipse
748 2163 785 2228 fit
805 2163 974 2251 cogitanss
1001 2163 1040 2228 sic
1061 2185 1100 2228 ex
1121 2164 1192 2228 He·

151 2261 255 2327 racliti
276 2261 423 2328 doctrina
436 2264 534 2330 refert
548 2265 664 2330 Sextus
678 2267 773 2352 Emp.
788 2264 872 2330 Adv.
888 2266 998 2330 Math.
1013 2266 1091 2331 Vll.
1109 2285 1190 2353 129:

150 2371 246 2430 τοῦτον
257 2367 287 2445 δὴ
301 2366 348 2430 τὸν
363 2367 430 2429 θεῖον
442 2365 539 2451 λόγον,
555 2367 615 2430 καθ’
629 2367 815 2454 Ἡράκλειτον
828 2369 860 2431 δι’
874 2372 1006 2443 ἀναπνοῆς
1019 2367 1192 2447 σπάσαντες,

149 2470 230 2558 νοεροὶ
244 2468 429 2555 ›scriptia-⁹
445 2483 543 2556 atque
554 2469 624 2536 baec
634 2470 716 2536 ratio
730 2470 773 2534 est
788 2473 836 2535 οὖν
851 2469 928 2535 ἄλλο
939 2496 967 2535 τι
982 2471 1048 2536 ἀλλ’
1063 2471 1193 2555 ἐξήγησις
1215 2531 1219 2543 ,

149 2577 197 2634 τοῦ
217 2570 316 2656 τρᾶτου
335 2576 382 2646 τῆς
395 2576 444 2632 τοῦ
457 2572 557 2644 παντὸς
571 2572 735 2650 διοικήσεως,
751 2571 913 2636 exsecutio
931 2571 1019 2637 modi
1039 2595 1105 2659 quo
1119 2571 1193 2637 uni·

150 2672 272 2736 versum
294 2670 546 2747 administratum
571 2675 693 2756 §.133.
739 2671 934 2736 conferatur
955 2686 989 2737 et
1008 2673 1111 2737 nostra
1132 2695 1191 2738 an-

150 2772 276 2838 notatio
297 2770 339 2835 ad
363 2770 524 2839 Plutarchi
543 2773 609 2858 Qu.
630 2771 711 2837 Plat.
729 2773 755 2836 1.
776 2793 811 2859 p.
825 2794 901 2859 999.
917 2776 956 2838 E.
980 2773 1012 2837 in
1034 2773 1191 2839 Biblioth.

153 2870 333 2937 crit-Vol.
355 2873 418 2936 111.
443 2873 526 2936 Part.
551 2873 578 2935 I.
602 2895 634 2958 ρ.
658 2893 709 2959 19.
732 2874 796 2960 seq.
843 2874 1014 2939 Cumhac
1038 2873 1194 2941 Heracliti
1239 2937 1246 2964 ,
1294 2890 1300 2895 ’

152 2972 308 3040 sententia
327 2972 501 3060 conjunda
524 2975 568 3038 est
589 2973 665 3054 alia,
692 2996 788 3062 quam
815 2975 893 3041 item
918 2975 1108 3042 Plutarchus
1129 2977 1193 3043 hoc

151 3076 226 3143 loco
247 3076 429 3164 fignificaffe
451 3076 588 3157 videtur,
604 3077 775 3143 continens
793 3077 1068 3164 reprehensionem
1085 3102 1192 3145 rerum

151 3177 366 3269 inanimarum
380 3193 414 3244 et
428 3182 641 3261 mortuarum,
657 3193 691 3245 et
708 3179 778 3280 aliis
792 3181 1013 3268 compluribus
1032 3180 1144 3263 relata,
1159 3194 1195 3247 et

152 3282 324 3349 Plutarcho
351 3282 499 3372 Sympos.
525 3284 583 3349 IV.
605 3304 639 3366 4.
663 3305 696 3370 p.
713 3284 788 3369 669.
812 3285 862 3349 A:
886 3283 975 3360 ιε’κυις
995 3286 1054 3371 γὰρ
1076 3285 1194 3374 κιτρίων

151 3382 354 3469 ιιιβληεόνεριι·
377 3382 418 3447 de
433 3404 498 3470 qua
511 3382 577 3447 illic
591 3383 684 3470 plura
697 3382 853 3447 dicemus.

193 3485 327 3570 382.,C.
350 3489 448 3570 φθορὰς
468 3487 516 3550 nal
540 3486 730 3572 ἐπιχρώσεις]
758 3486 925 3572 Perpemm
950 3485 1064 3552 Latine
1085 3486 1193 3552 reddi·

153 3599 236 3666 tum,
255 3613 325 3677 quae
345 3588 444 3654 itidem
466 3589 591 3654 intentui
611 3599 639 3653 et
659 3589 814 3657 mutationi
835 3589 968 3670 obnoxia,
990 3590 1192 3661 reddendum

150 3703 233 3770 erat,
254 3713 323 3777 quae
344 3690 444 3755 itidem
469 3692 594 3756 colorum
615 3691 779 3755 mixtionem
801 3703 829 3755 ct
848 3691 1042 3756 indutiionem
1061 3691 1193 3779 capiunt.

150 3792 203 3859 De
219 3793 280 3858 hac
293 3792 424 3858 notione
438 3797 534 3880 φθορᾶς
549 3795 688 3860 diximus
701 3816 736 3881 p.
748 3796 825 3879 346.
842 3795 885 3858 A.

192 3897 270 3982 382.
287 3896 332 3981 C,
346 3897 456 3962 Στολοεὶ
471 3897 554 3982 ti-]
579 3896 770 3963 Differentia
783 3896 1042 3961 vestimentorum
1056 3894 1194 3963 refertur

152 3998 193 4064 ad
215 3997 416 4078 Sacerdotes,
436 4021 519 4086 quos
537 3999 659 4086 duplici
678 3997 789 4085 generi
811 3997 958 4063 stolarum
981 3996 1053 4065 usos
1073 3997 1192 4085 fignifi-

153 4115 257 4179 catur,
284 4099 385 4166 sltero
409 4100 552 4181 onidis,
577 4101 679 4166 altero
702 4100 810 4165 lfidis:
835 4120 895 4164 nec
921 4098 1051 4165 aliunde
1075 4099 1129 4164 nifi
1154 4121 1195 4165 ex

153 4203 217 4271 hoc
238 4203 311 4270 loco
333 4217 480 4269 notatum
504 4202 654 4291 Pignorio
677 4201 783 4269 Mens.
808 4201 895 4268 Ifiac.
915 4224 950 4291 p.
974 4223 1023 4291 ¹9·
1060 4199 1193 4269 Variam
