2714 4770
134 746 489 844 DANIELIS
538 745 1129 845 WYTTENBACHII

278 1159 288 1168 N
317 1067 944 1180 ANIMADVERSIONES

240 1349 312 1483 ru
346 1347 722 1491 murrinum
757 1319 1023 1464 ussnutu,

304 1657 368 1722 DE
391 1658 620 1724 FORTUNA
642 1657 962 1725 ROMANORUM.

493 1939 776 1991 -oe-

114 2175 238 2284 ΠΕΡι
252 2218 340 2288 ruz
354 2223 550 2285 Pontion
561 2217 733 2304 rrum]
753 2218 862 2284 Habet
876 2215 1038 2304 Lampriae
1053 2217 1152 2285 cau-

113 2323 210 2411 logua
234 2324 336 2387 Num.
361 2322 494 2388 CLXV.
539 2319 756 2408 Damophilus
779 2319 939 2408 Bithynus
964 2317 1155 2385 memoravit

114 2424 192 2489 hinc
211 2422 334 2489 dictum
351 2422 514 2489 Plutarchi
534 2422 678 2503 nomine,
698 2421 862 2509 proditum
874 2442 909 2507 p.
924 2423 1001 2508 316.
1019 2423 1059 2486 E.
1081 2418 1153 2486 lau·

114 2528 210 2593 datus
228 2527 366 2613 Evagrio
387 2527 469 2593 Hist.
489 2525 687 2594 Eccles.v1.
705 2526 859 2612 ιε-τῦχη
881 2526 929 2591 καὶ
946 2528 1153 2613 &perir-orn·

113 2627 238 2713 σαμένας
259 2629 404 2694 συνελθεῖν.
449 2630 492 2693 Et
512 2628 546 2693 in
571 2627 697 2693 Arsenii
718 2626 850 2694 Violeto
872 2627 992 2692 citatur
1012 2627 1070 2692 sub
1092 2648 1154 2693 no-

115 2730 203 2795 mine
225 2730 399 2810 Plutarchi,
419 2730 530 2797 omisso
551 2741 659 2796 tamen
674 2729 749 2795 libri
766 2729 874 2810 titulo,
889 2729 980 2794 locus
994 2728 1050 2817 qui
1063 2729 1107 2793 est
1121 2749 1155 2816 p.

115 2848 192 2917 317.
209 2832 257 2897 C:
280 2834 350 2896 Nori
366 2833 394 2895 bi
409 2859 457 2915 μοι
479 2831 733 2918 δοκῶ-λαφύροις.
778 2830 843 2896 Sed
861 2842 898 2896 ut
912 2852 932 2894 a
946 2829 1074 2906 nemine
1086 2831 1156 2897 Ve·
1300 2888 1303 2894 .

117 2946 223 2997 terum
245 2931 299 2997 hic
319 2932 401 2997 liber
418 2933 583 3012 citaretur,
605 2931 767 2997 Plutarchi
789 2952 866 2995 eum
886 2929 947 2996 elle
968 2930 1102 2996 materia
1123 2942 1158 2996 et
1239 2994 1242 2999 .

116 3033 219 3099 oratio
243 3033 370 3121 arguit:
401 3033 551 3122 parilitas>
570 3033 667 3099 etiam
689 3032 835 3098 locorum
860 3053 937 3097 cum
960 3030 1030 3096 aliia
1047 3030 1156 3098 libriar

12 3184 15 3191 .
115 3161 146 3202 v.
161 3160 192 3202 c.
208 3136 249 3202 de
264 3135 353 3224 Sylla
366 3135 497 3224 ejusque
513 3135 653 3202 victoria
668 3134 886 3200 monumentis
898 3157 932 3221 p.
942 3135 1019 3221 318.
1031 3136 1076 3201 D.
1091 3135 1158 3225 παρ’

115 3242 177 3320 ἡμῖν
194 3241 222 3301 ἐν
239 3237 406 3326 Χαιρωνείᾳ·
431 3237 519 3325 quod
536 3240 579 3302 est
599 3237 679 3302 item
699 3237 734 3301 in
751 3236 830 3302 Vita
848 3234 945 3324 Syllae
965 3256 1000 3322 p.
1013 3252 1091 3321 473.
1109 3236 1156 3303 D.
1227 3245 1232 3248 ’

117 3342 162 3405 Et
182 3343 225 3406 est
246 3363 286 3405 ex
300 3339 498 3427 juvenilibus
522 3338 685 3405 Plutarchi
706 3337 841 3424 scriptia,
864 3348 898 3403 et
918 3336 1081 3403 rhetorico
1095 3358 1158 3425 ge·

118 3462 205 3521 nere,
221 3454 258 3505 ut
272 3441 351 3505 item
364 3440 431 3506 duo
445 3439 582 3528 proximi
597 3440 647 3504 De
660 3439 846 3519 Alexandro,
860 3453 894 3504 ct
908 3440 960 3504 Dc
970 3438 1158 3527 Athenienst·

113 3539 187 3619 ban·
209 3563 274 3627 quo
297 3541 338 3608 de
363 3564 483 3630 gauere
508 3540 647 3606 diximus
673 3541 707 3605 in
731 3539 958 3626 Disputatione
981 3539 1023 3605 de
1044 3539 1160 3625 Spuria

119 3641 323 3708 Auctoritate
349 3643 450 3710 libelli
472 3645 524 3710 De
549 3642 763 3723 Educatione,
790 3644 847 3707 sub
872 3643 970 3707 finem
991 3662 1026 3727 p.
1048 3656 1103 3725 37.
1125 3652 1160 3706 et

118 3744 205 3831 sequ.
250 3745 302 3810 De
323 3745 386 3811 hoc
407 3759 442 3812 et
464 3745 591 3811 duobus
610 3743 763 3831 proximis
781 3743 898 3809 libellis
919 3744 999 3809 item
1022 3743 1099 3821 lere,
1120 3763 1159 3808 ac

120 3869 190 3926 nos,
210 3845 368 3934 judicavit
394 3848 441 3912 vir
469 3869 607 3934 magnus
632 3847 729 3913 Josras
754 3848 922 3912 Mercerua
946 3844 987 3926 ad
1011 3842 1159 3909 Nonium

119 3949 225 4014 Marc.
250 3971 283 4036 p.
310 3968 382 4031 142.
400 3947 526 4036 judicio
551 3948 608 4013 suo
632 3947 806 4013 clausulam
831 3946 1028 4033 subjungens
1050 3944 1158 4013 hanct

123 4050 228 4116 Verum
249 4053 286 4116 dc
306 4064 366 4115 tota
385 4051 542 4116 currerit
561 4051 639 4116 cliro
652 4050 769 4115 dicendi
784 4049 872 4113 locus.
917 4048 982 4136 Qui
1003 4048 1096 4114 locus
1117 4069 1159 4113 an

120 4156 162 4220 ab
185 4179 224 4221 eo
249 4155 404 4221 traolatus
427 4154 635 4241 proditusque
656 4153 766 4232 exstet,
791 4151 939 4240 ignorare
963 4173 1016 4216 me
1043 4150 1158 4216 fateor.

121 4256 234 4322 Dcelse
256 4260 405 4345 quadam
425 4256 459 4323 in
478 4256 541 4323 linc
560 4255 672 4336 libelli,
689 4277 739 4321 rer
759 4254 825 4343 ipsa
843 4251 998 4321 ostenditz
1021 4270 1161 4341 quotum
