2714 4770
223 354 279 414 nn
299 353 401 414 suna
421 352 826 414 numus-Vmorem
848 373 876 434 p.
892 355 1011 432 54s.=c.
1080 306 1138 433 su

100 510 199 593 sonte,
215 512 339 602 semper
352 498 429 588 curn
447 513 565 579 dativo.
610 513 692 579 Haec
707 534 786 602 ergo
800 513 821 579 fi
834 518 988 603 germana
1001 514 1076 580 eliet
1089 514 1140 580 in·
1202 555 1203 558 =

101 614 301 701 terpretatio,
316 622 378 698 ημῖν
394 638 459 681 non
475 623 549 699 ἡμῶν
563 615 723 702 leripfiliet
737 616 938 684 Plutarchus.
968 617 1055 683 Mihi
1068 640 1142 687 vero
1246 642 1253 651 ·

102 728 227 783 attente
250 717 473 798 confiderenti,
495 716 565 782 haee
587 716 753 783 videbatur
778 718 840 784 effe
863 741 969 799 mens,
987 740 1084 806 quarn
1109 712 1141 783 in
1154 722 1196 782 ll

102 819 240 884 serlione
253 821 394 906 exprelii.
436 824 534 909 Ἀρκεῖ
546 821 573 883 li
587 822 679 896 αὐτοῖς
695 842 799 907 neque
814 831 926 885 notare
942 822 1042 906 potest
1051 819 1145 907 suffi-

103 920 145 984 cit
167 933 264 989 aulem
287 918 389 988 contra
411 921 490 1001 illos,
511 943 616 1008 neque
638 921 810 987 commode
835 935 989 1008 tanquam
1014 922 1145 988 Atticus

104 1023 271 1090 abundans
297 1025 422 1091 dativus
449 1024 490 1091 sd
514 1025 700 1107 ἐκβάλλσμτν
722 1024 843 1106 referri,
866 1037 905 1090 ut
925 1025 1010 1089 hanc
1030 1024 1146 1097 efficiat

105 1126 315 1193 sententiam:
332 1126 451 1216 sufficit
461 1128 497 1211 fi
518 1126 581 1192 illis
604 1127 726 1216 impium
743 1131 834 1217 [τινα
850 1129 1014 1217 sermonem
1032 1152 1048 1191 ο
1065 1127 1146 1192 nobis

104 1229 266 1315 ejiciam.
310 1229 425 1295 Malim
445 1230 555 1317 itaque
573 1241 700 1295 mutato
719 1229 831 1315 spiritu
849 1229 957 1316 legere
971 1229 1099 1305 αὑτοῑςί.
1114 1251 1144 1296 e.

104 1330 208 1394 nobis:
229 1353 425 1418 quamquam
446 1331 570 1403 ineam
590 1343 714 1419 partem
735 1330 840 1419 magis
855 1329 988 1410 inclino,
1003 1341 1042 1396 ut
1055 1332 1147 1406 αὐτοῖς

105 1454 125 1498 α
151 1431 280 1498 librario
308 1432 465 1499 intrusum
493 1433 554 1499 effe
583 1445 708 1521 putem.
749 1435 851 1516 Ἡμῶν
877 1434 950 1498 cilis
978 1432 1058 1521 ίργον
1074 1435 1146 1518 ⁴lm
1287 1513 1288 1517 ρ

102 1532 138 1598 h.
153 1533 177 1599 l.
198 1547 292 1601 notat
303 1535 429 1622 nostrum
447 1560 505 1600 non
519 1534 567 1620 est,
581 1535 641 1617 vel,
655 1560 714 1601 non
727 1535 766 1622 est
778 1537 884 1624 ncceffe
898 1535 993 1617 nobis,
1008 1549 1046 1601 ut
1060 1534 1148 1624 opud

104 1636 260 1723 Sophocl.
279 1637 375 1727 Ajsc.
396 1638 438 1703 vl.
456 1658 508 1703 11.
528 1651 562 1703 et
584 1637 710 1725 plenius
732 1638 852 1704 Elesir.
875 1638 1033 1725 vs.1373.
1068 1638 1146 1704 Ari·

98 1739 209 1828 ›stoph.
226 1742 298 1806 Pac.
314 1741 356 1806 vs.
372 1741 467 1826 1308.
502 1740 670 1827 Anonym.
685 1738 773 1824 apud
788 1738 880 1804 Suid.
895 1740 942 1804 V.
971 1739 1147 1826 Ἀξιόλογσς,

105 1856 140 1907 et
155 1841 275 1929 plures,
288 1864 426 1928 quorum
441 1841 514 1906 loca
527 1841 559 1905 in
573 1841 657 1906 hanc
669 1862 737 1905 rem
751 1839 854 1906 adfert
870 1840 941 1907 Cel.
952 1841 1147 1908 Valckenar.

106 1942 309 2031 sdEnripid.
325 1943 438 2008 Phoen.
456 1944 497 2009 vs.
511 1958 589 2028 447.
627 1945 764 2024 Itsipiv,
782 1943 806 2007 s.
826 1941 922 2007 dativ.
943 1943 1148 2009 Herodot.l.
1247 1980 1251 1988 f

107 2062 162 2132 79.
184 2051 315 2134 πρῆγμα.
352 2043 478 2110 Herod.
502 2046 562 2111 IV.
584 2064 637 2110 11.
676 2043 778 2110 Periz.
800 2045 869 2110 AEl.
885 2047 928 2112 V.
950 2047 997 2110 H.
1015 2046 1079 2112 111.
1098 2048 1148 2112 18.

109 2160 179 2212 not.
198 2167 248 2233 13.
1284 2220 1292 2233 ,

148 2252 225 2336 548.
242 2251 283 2317 C.
304 2250 343 2316 Τί
363 2247 580 2334 οὖν-μάλοστα
603 2250 741 2329 κεκίνηκεν
761 2251 845 2336 ὑμᾶς]
872 2249 1011 2338 Elegans
1032 2249 1077 2314 est
1094 2247 1149 2314 hic

107 2355 182 2419 ulus
196 2352 282 2420 verbi
296 2357 388 2435 saveir,
404 2378 591 2435 commovere,
599 2353 727 2420 Gallice
737 2352 856 2441 piquer.
892 2353 946 2419 Sic
959 2352 1037 2419 Dei.
1052 2352 1148 2418 Orac.

105 2478 140 2545 p.
158 2474 234 2543 435.
257 2459 296 2522 E.
318 2457 425 2532 πάντας
448 2460 507 2546 γὰρ
529 2461 600 2540 ἡμᾶς
622 2461 636 2520 ί
658 2455 742 2541 λίγος
768 2455 985 2539 κοκίνηκε-ίμί
1007 2457 1041 2535 8,
1063 2455 1147 2537 alm,

105 2564 136 2623 οὐ
156 2560 293 2638 κικίνηκον
305 2557 431 2643 plsami
445 2559 584 2637 Φίλιππε,
597 2563 678 2622 άλλοὶ
692 2560 740 2621 καί
757 2558 947 2644 σογκίχοκον.
984 2559 1038 2623 8ἰο
1057 2557 1148 2631 Plato
1237 2642 1240 2651 1

107 2663 232 2749 saepius,
250 2686 279 2726 ν.
295 2685 325 2726 c.
349 2661 445 2725 Erast.
462 2682 496 2746 p.
511 2677 544 2746 5.
560 2662 606 2725 D.
644 2659 767 2726 Phileb.
788 2680 821 2746 p.
839 2676 892 2743 74.
911 2659 951 2724 B.
984 2659 1091 2746 Lysrd.
1109 2681 1147 2747 p.

111 2783 184 2848 113.
200 2765 243 2829 G.
281 2765 361 2849 Rep.
376 2764 416 2826 L.
434 2763 463 2826 I.
482 2784 516 2849 p.
530 2782 608 2844 4¹0·
628 2764 664 2827 F.
701 2760 899 2847 Xenophon.
914 2761 965 2825 M.
981 2761 1016 2825 S.
1032 2762 1072 2826 L.
1088 2765 1147 2830 IV.

109 2883 142 2945 2,
158 2883 189 2928 2.
211 2864 374 2948 βουλόμενος
393 2869 473 2928 κννοῖν
491 2866 537 2929 τὸν
559 2865 726 2947 Εὐθύδημον.
770 2863 836 2929 Dio
851 2862 966 2949 Chrys.
982 2862 1040 2927 Or.
1055 2865 1099 2929 II.
1114 2886 1147 2951 p.
1237 2939 1239 2955 ι

111 2985 162 3052 19.
177 2965 217 3031 C.
253 2967 401 3044 Julianus
424 2966 542 3032 caesar.
565 2988 598 3054 p.
615 2984 692 3053 332.
714 2964 755 3030 C.
799 2964 854 3029 Sic
875 2988 1049 3029 commovere
1068 2966 1148 3034 dixit
1215 3022 1221 3038 .

107 3067 276 3135 Terentius
295 3069 401 3136 Andr.
418 3071 462 3136 11.
478 3071 512 3150 6,
528 3085 581 3156 25.
625 3070 708 3135 Haee
723 3068 769 3133 vis
784 3067 870 3134 verbi
884 3067 1048 3155 saepissime
1062 3067 1149 3157 fugit

109 3168 314 3258 interpretes.
548 3181 556 3190 ‘

148 3273 225 3359 548.
238 3268 279 3339 C.
288 3273 385 3341 Ἄλλο
398 3277 426 3339 li
440 3274 600 3362 άλλαχίίνν
614 3273 760 3363 ἅνθρωπος,
769 3272 861 3362 ὥσπερ
875 3277 943 3362 ίργη·
957 3274 1009 3339 τινί
1024 3274 1072 3339 καί
1087 3289 1149 3340 λον·

106 3377 184 3464 δορίᾳ
199 3379 384 3468 σπαράττων]
406 3380 505 3447 8080
519 3379 675 3466 interpres
689 3379 775 3466 cepit
788 3379 967 3465 σπαράττων.
1011 3378 1150 3446 Gemina

108 3480 203 3566 plane
222 3482 294 3546 sunt
313 3482 396 3563 loca,
412 3483 469 3548 ubi
483 3483 525 3549 de
541 3482 658 3548 Colote
672 3481 817 3570 loquitur
833 3482 1037 3561 Plutarchus,
1052 3503 1149 3567 quern

109 3581 251 3648 fimiliter
269 3595 308 3649 ut
326 3586 468 3650 nostrum
482 3586 691 3672 Epicureum,
706 3585 763 3665 ait,
779 3587 868 3667 φανὰς
882 3583 1043 3669 maxilua
1057 3583 1151 3660 ἄλλας

108 3692 279 3752 ἀποσπῶντα
292 3690 340 3752 καὶ
354 3690 475 3775 ῥήμασιν
491 3688 555 3754 ἄνευ
570 3690 749 3778 γραμμάτων
763 3687 940 3770 ίπνσνίίρκνον
952 3685 1150 3771 ἀποκρούεσθαι

112 3792 249 3877 (παρακρ.
272 3801 311 3855 ut
328 3793 370 3858 V.
388 3792 448 3875 D.)
468 3793 531 3866 τοὺς
545 3789 681 3876 ἀπείρους,
697 3790 730 3856 in
745 3790 829 3855 libro
848 3789 926 3854 Non
949 3788 1036 3854 Poffe
1057 3791 1150 3856 Suav.

110 3893 185 3958 Vivi
209 3894 283 3958 Sec.
305 3893 437 3978 Epicur.
459 3915 493 3979 p.
517 3893 609 3958 1086.
631 3895 677 3958 D.
715 3895 758 3956 Et
782 3891 914 3957 Advers.
940 3890 1090 3957 Colotem
1115 3913 1150 3979 p.

113 3996 208 4062 1108.
222 3995 268 4061 D.
284 3995 417 4074 Κολάτης
432 4001 522 4080 φανὰς
534 4001 611 4071 τινὰς
629 3997 742 4082 ίρῆμοος
758 3995 935 4080 πραγμάτων
952 3998 1083 4059 άποσπῶν
1102 3994 1151 4064 καί

111 4098 178 4184 μέρη
204 4082 297 4184 λίγοον
321 4099 368 4163 καί
395 4090 602 4184 σπαράγματα
620 4122 656 4164 ex
680 4097 919 4186 Philosophorum
943 4096 1025 4161 libris
1049 4106 1151 4162 contra
1244 4166 1247 4177 ,

112 4224 181 4292 quos
201 4202 344 4291 disputat.
390 4200 526 4288 Alioqui
554 4199 699 4287 laccffm,
724 4200 861 4268 mariis
888 4199 1020 4266 lacerare
1046 4212 1151 4280 notat,
