2714 4770
150 322 209 399 382
292 318 330 379 D.
351 318 400 378 W.
420 318 619 380 ANIMADV.
641 319 687 378 IN
707 313 946 378 PLUTARCHI
969 314 1058 377 Lm.

148 495 184 546 et
199 483 396 566 interpretes
410 477 451 543 ad
465 478 586 543 AElian.
601 479 645 542 V.
661 478 706 543 H.
721 480 784 559 XI,
796 496 829 564 5.
844 489 950 566 equoe
966 475 1049 543 Cel.
1067 474 1217 542 Reisxiur

149 582 411 648 laudavit-Pro
431 582 547 659 δίσηταν
566 580 697 646 mallem
713 581 884 647 letiionem
903 579 1004 646 Harl.
1019 580 1116 667 δίης
1143 602 1215 645 nam

147 712 197 750 ναν
211 708 251 750 ex
265 683 408 772 sequenti
421 690 462 770 τῷ
475 684 627 750 accessisse
641 684 776 749 videtur.
812 685 844 748 A
865 682 954 748 Vofl'.
981 684 1080 749 abest
1101 685 1143 758 νίς
1165 682 1215 746 ίεν·

149 815 207 853 κεν.
231 787 324 851 Harl.
346 787 531 873 transpofite
550 790 586 860 ὥς
601 786 685 850 ίοννεεν
698 790 774 873 αὐτῷ
791 787 839 851 καί
853 789 1001 872 διαφοραῖς.
1049 786 1153 850 Loco
1165 787 1213 848 ἂν·

149 888 272 968 ἔπεμψεν
293 889 381 956 Voss.
401 889 587 972 ἀπέπεμψεν,
607 888 698 954 Harl.
721 889 896 971 ἀπέπεμψεν,
912 887 1010 975 quod
1024 887 1154 954 eodem
1165 910 1214 954 re·

149 992 214 1059 dit:
244 991 309 1073 sed,
331 1004 369 1056 ut
388 990 529 1079 profiasti
553 992 584 1055 νέν
606 991 712 1080 Aſsum
734 989 858 1058 Graecis
882 988 1057 1070 ἀναβαίνειν
1080 989 1213 1069 dicitur,

67 1150 72 1169 ,
148 1093 261 1159 eadem
277 1093 401 1159 ratione
419 1094 534 1158 mittere
548 1093 580 1157 in
594 1093 699 1180 Aſsum
714 1093 882 1175 ἂνααίμνοενν
903 1091 974 1158 dici
992 1092 1214 1181 potest.-Dc

150 1197 336 1285 Hyampeia
356 1209 494 1284 egerunt
515 1198 550 1262 P.
569 1196 760 1287 Wetseling.
784 1196 825 1262 ad
846 1194 992 1261 Diodor.
1014 1197 1090 1262 Sic.
1110 1198 1154 1263 T.
1171 1198 1212 1263 Il.

148 1320 183 1385 p.
200 1319 273 1381 104.
288 1312 323 1364 et
338 1301 377 1363 L.
394 1298 437 1364 C.
452 1299 646 1366 Valckenar.
664 1298 706 1364 ad
723 1297 883 1365 Herodot.
898 1299 938 1363 L.
954 1300 1063 1364 VIII.
1080 1320 1120 1386 p.
1131 1302 1206 1386 637.

191 1417 267 1486 557.
283 1401 326 1465 Α.
350 1399 476 1478 Μηνίοαν
496 1402 528 1463 ri
541 1400 871 1485 δεῖον-ΣαίμνοςἿδμαν
884 1398 1038 1487 ἐφίητι]
1070 1400 1215 1468 Prodidit

149 1503 214 1568 hoc
229 1503 393 1568 memoriae
409 1503 597 1568 Herodotus
613 1506 653 1569 L.
670 1506 716 1569 II.
733 1527 767 1591 p.
784 1501 932 1583 rot-lu
942 1505 1104 1580 Ῥοδὸκνς·
1125 1508 1215 1591 m

42 1777 49 1793 ¹
149 1711 243 1785 δονλος
262 1711 290 1773 li
308 1708 439 1775 Αίσοίποο
451 1719 501 1775 τοῦ
516 1719 674 1799 λογοπονοῦ·
698 1713 746 1775 καί
761 1716 819 1798 γὰρ
832 1711 910 1786 οὗτος
920 1710 1081 1806 Ἰᾷδμονος
1096 1713 1213 1797 kyburg

149 1814 185 1887 αίς
206 1812 302 1891 διέδεξε
323 1815 385 1899 τῇδε
406 1818 463 1899 οὐχ
484 1817 600 1892 ἥκιστα·
628 1814 687 1877 ἐπεί
706 1840 738 1879 το
759 1818 818 1900 γὰρ
841 1813 988 1889 πολλάκις
1015 1815 1214 1902 κημηοίπι

146 1922 268 1997 Δελφῶν
287 1920 319 1980 ἐκ
338 1914 504 2005 θεοπροπίου,
527 1914 555 1992 δς
576 1917 703 1995 βούλοντο
722 1919 813 1994 ποινὴν
825 1920 874 1993 τῆς
888 1915 1035 1982 atram
1049 1920 1158 2006 «δοχῆς
1171 1924 1216 1983 a'n-

150 2018 274 2096 ελίσδαν,
295 2017 382 2095 ἄλλος
403 2021 455 2102 μὲν
477 2021 559 2095 οὐδεὶς
580 2019 675 2103 ἐφάνη,
696 2018 836 2101 Ἰάδμονος
856 2018 885 2081 li
906 2021 1012 2096 πανδδς
1032 2025 1113 2098 ταῖς
1132 2019 1215 2097 {mg

147 2121 267 2204 Ἰάδμων
280 2122 414 2186 ἄνείλπο·
436 2121 508 2187 οὕτω
521 2123 570 2185 καί
583 2120 711 2197 Αίοεοννος
723 2122 864 2205 Ἰάδμονος
877 2122 1008 2207 sylam.
1058 2124 1214 2213 Ejusdem

149 2222 206 2288 viri
225 2246 344 2289 nomen
359 2222 461 2306 Ἴδμων
481 2223 629 2289 scribitur
642 2224 729 2310 apud
747 2222 960 2290 Ptolemaeum
980 2222 1167 2314 Hepbaeli.
1180 2231 1214 2295 1.

149 2326 193 2390 V.
215 2347 247 2412 p.
262 2345 356 2410 329.:
381 2325 434 2390 sed
451 2324 523 2390 Cel.
539 2325 774 2392 Valckenarius
787 2325 829 2391 ad
843 2326 1019 2394 Herodot.
1039 2328 1068 2395 l.
1088 2354 1124 2397 c.
1144 2332 1215 2396 Ίίδ-

148 2455 208 2509 μων
222 2429 257 2491 h.
270 2428 292 2490 l.
307 2426 531 2518 reponendum
546 2427 666 2493 censet.
698 2428 885 2515 Apollinem
897 2428 932 2493 in
949 2430 1126 2519 Delphos
1138 2457 1216 2501 mor·

149 2529 193 2592 bo
208 2544 241 2592 et
255 2527 437 2592 calamitate
452 2528 716 2606 animadvertisse,
733 2530 863 2597 aliunde
882 2533 1068 2600 constabat
1092 2537 1215 2603 Plutar-

149 2633 225 2697 cho.
271 2631 408 2717 Respicit
423 2633 488 2696 huc
502 2632 659 2698 Libanius
674 2633 822 2699 Declam.
838 2634 1011 2702 XXXIX.
1030 2660 1070 2724 p.
1086 2642 1168 2725 687.
1181 2642 1215 2705 B.

150 2737 250 2811 ίΘεδς
264 2738 330 2822 ὑπὲρ
349 2737 479 2801 Αίσῶποο
497 2736 678 2822 χαλεπαίνων
696 2737 845 2823 περιέβαλε
859 2737 880 2782 δ
893 2742 914 2784 ⁸
929 2745 1057 2822 κακοῖς,
1074 2744 1140 2810 ubi
1152 2767 1214 2810 ma·

150 2839 296 2904 nisestunr
313 2840 356 2904 est
370 2838 515 2904 excidisse
528 2840 591 2914 τοὺς
603 2841 748 2922 Δελφοὺςε
771 2862 845 2926 quac
866 2839 940 2906 haec
965 2842 1109 2912 fuerint
1128 2847 1215 2926 mala,

149 2941 303 3028 fignificat
315 2965 349 3029 p.
361 2943 436 3008 688.
454 2945 491 3007 B.
509 2942 599 3006 καίτοι
615 2950 696 3007 τοῦτο
709 2943 789 3018 ποίας
803 2948 833 3007 οεί
849 2943 929 3008 νίσοο
943 2946 1130 3039 δεννίτεςανς
1145 2952 1216 3016 rim

148 3049 199 3108 οὐκ
212 3049 333 3131 αὐχμῶν
347 3045 557 3131 βλαβερώτερον
565 3047 701 3125 3—M0x
716 3046 789 3111 loco
804 3045 958 3111 Ναυπλίαν
974 3049 1077 3118 Coll.
1088 3056 1215 3122 Schotc

147 3149 187 3212 T.
202 3149 244 3211 V.
259 3151 298 3213 B.
321 3146 484 3226 ᾱΝαυλίαν,
502 3147 737 3225 Ηατλλύλίαν,
752 3148 793 3212 de
809 3148 928 3234 quibus
943 3151 1038 3219 mihi
1056 3179 1134 3223 non
1149 3160 1216 3224 satit

148 3245 263 3332 liquet.
306 3249 360 3312 De
383 3249 563 3335 Hyanrpoli
585 3249 653 3336 egit
676 3253 708 3316 J.
737 3248 914 3315 Palmcrius
938 3253 1008 3320 Gr.
1035 3259 1165 3350 Antiq.
1185 3282 1215 3348 p.

148 3349 242 3434 ⁶⁶5⁶·
265 3349 353 3437 quod
366 3349 469 3437 ipsum
484 3372 637 3437 reponere
652 3352 706 3417 hic
721 3350 852 3417 tentavi.

160 3610 165 3617 ,
181 3551 193 3574 ²
206 3541 305 3604 Triplex
316 3551 366 3590 emt
377 3540 645 3604 poenesccrilegorum3
696 3541 740 3605 tiq.
756 3540 799 3588 Vl.
815 3555 838 3588 c.
856 3550 895 3589 12.
921 3541 1073 3599 (1ο11ιῐ.Τ.
1087 3551 1110 3600 1.
1127 3569 1155 3616 p.
1167 3562 1219 3610 m

147 3623 187 3672 vel
204 3621 441 3688 υτααμνψννζίείινοῖ
453 3621 646 3670 »attrectemus
696 3622 810 3684 [copard.
824 3623 878 3670 Em·
891 3623 947 3672 XV·
960 3637 1011 3678 2⁴.
1050 3635 1149 3682 Διῦλνε
1159 3638 1219 3686 {estl-

146 3703 388 3771 νίααεααίμηαείαν.
409 3706 543 3756 Philolud.
555 3705 610 3754 Eut.
620 3706 645 3756 P.
695 3705 742 3751 tuit
759 3702 880 3750 pausante
892 3719 916 3766 p.
928 3713 991 3756 166.
1006 3726 1056 3774 pro
1070 3711 1151 3763 Αίλνν
1164 3716 1220 3766 llar-

147 3788 176 3835 Ε.
188 3788 256 3836 νηι-
269 3798 326 3841 tor.
338 3788 367 3836 c.
694 3787 763 3834 duin·
780 3788 809 3833 ad
828 3787 889 3834 plin.
909 3788 944 3835 H·
965 3791 1006 3839 N·
1028 3796 1078 3846 lv.
1097 3812 1126 3851 ε.
1143 3817 1170 3865 p.
1186 3811 1220 3851 rc

179 3868 282 3919 *Quod
302 3872 372 3919 codd.
393 3872 486 3919 habent
512 3868 599 3916 λδνίαν
620 3886 643 3919 ε.
693 3869 731 3914 ed.
744 3878 767 3916 a.

147 3951 248 3998 Νεελλεε
259 3955 330 4003 credo
345 3964 426 4005 ortum
443 3953 490 4002 etse
506 3968 538 4001 ex
553 3953 645 4003 saniore
726 3949 852 4011 ’θυμία
862 3951 896 3998 est
910 3950 1093 4022 Hyampolis:
1113 3965 1160 4014 hic
1169 3965 1222 4015 Pu·

147 4033 204 4082 licet
215 4035 321 4083 nesciam
332 4051 363 4084 an
374 4036 540 4084 veralet'IIcne
552 4033 644 4082 Δαῦλνε.
695 4031 768 4079 naffia
784 4031 944 4093 significatur.
961 4035 1086 4094 Palmer.
1107 4048 1156 4097 Gr.
1172 4050 1221 4097 An·

147 4115 205 4161 Fuit
217 4116 270 4162 haec
281 4117 337 4163 urbo
348 4117 378 4163 ad
390 4115 529 4164 Parnassum
540 4117 582 4163 sita
593 4130 644 4163 non
694 4115 739 4175 tiq.
750 4121 808 4163 668.
820 4114 868 4175 seq.

90 4228 97 4237 ·
148 4198 231 4261 procul
239 4199 350 4259 Delphis.
368 4198 422 4247 Vid.
432 4199 534 4246 Palmer.
543 4197 585 4246 Gr.
593 4199 645 4245 An·
