2714 4770
237 363 276 429 9³
379 347 419 436 n.
439 346 489 406 w.
508 327 707 406 numana
728 346 774 406 ru
792 346 1027 407 ramanent
1046 348 1126 408 nra.
1249 407 1253 419 ,

235 519 464 594 argumentum
485 526 526 570 an
548 505 612 572 tale
633 504 741 584 suerit,
758 505 853 594 quale
875 506 1019 573 Reiskius
1040 505 1096 589 ait,
1114 506 1272 575 affirmare

235 631 301 675 non
317 608 433 690 audeo,
455 607 496 674 de
515 607 637 689 libello,
655 607 748 696 cujus
769 608 902 696 scriptor
919 608 953 674 in
971 609 1111 697 suoipse
1125 609 1271 676 instituto

235 711 385 778 turbavit.
430 709 572 777 Quaestio
585 709 649 775 illis
663 709 861 799 temporibus
875 710 1008 800 agitata,
1024 725 1131 777 utrum
1146 712 1271 779 Virtuti

232 835 274 879 an
296 814 445 879 Fortunoe
458 811 548 878 initia
566 824 600 878 et
618 811 817 878 incrementa
833 813 916 879 tanti
931 812 1057 901 imperii
1071 814 1266 897 debeantur:

234 915 356 981 Graecis
370 915 437 980 sere
455 913 629 979 seeundum
646 915 806 978 Fortunam
823 914 1064 1002 judicantibus:
1087 930 1125 981 ut
1147 915 1212 981 hoc
1234 918 1267 983 in

230 1003 340 1082 libello
360 1016 482 1087 fastum
504 1007 567 1097 est3
592 1014 646 1080 nifi
668 1037 707 1080 ea
730 1036 814 1102 pars,
838 1038 911 1103 quae
937 1015 1112 1095 intercidit,
1139 1015 1268 1082 Virtutis

230 1116 382 1183 vindicias
401 1113 525 1182 habuit.
571 1114 718 1180 caussam
739 1114 849 1202 attigit
864 1116 905 1181 ls.
922 1115 1128 1182 Casaubonus
1146 1117 1187 1182 ad
1203 1119 1267 1183 Po-

229 1220 309 1309 lybii
329 1220 356 1283 1.
372 1237 414 1300 42
443 1217 477 1282 in
498 1238 563 1306 qna
583 1217 716 1282 omnino
737 1216 905 1283 adversarii
931 1239 969 1282 ac
992 1217 1105 1283 rivales
1128 1218 1266 1284 invicem

228 1324 359 1389 fuerunt
380 1318 487 1386 Graeci
509 1332 544 1385 et
568 1319 725 1386 Romani:
757 1342 894 1407 quorum
918 1319 954 1385 hi
978 1318 1042 1385 illis
1066 1319 1193 1407 imperii
1219 1321 1286 1387 sui'

227 1422 497 1512 magnitudinem,
512 1422 558 1487 illi
574 1418 625 1487 his
647 1420 863 1487 Alexandrum
879 1435 914 1486 et
930 1421 1141 1488 Athenienses
1158 1444 1262 1510 oppo-

69 1545 71 1548 ’
204 1602 207 1608 .
228 1528 362 1593 nebant:
379 1523 466 1613 quod
481 1524 633 1611 proximis
645 1524 680 1589 in
693 1523 809 1589 libellis
824 1522 971 1588 disertius
984 1522 1228 1610 explicabimus.

270 1651 302 1716 p.
321 1630 397 1714 316.
418 1627 459 1692 C.
483 1631 520 1691 At
537 1627 656 1702 πολλοὺς
676 1625 814 1701 πολλάκις
835 1622 1021 1711 ἠγωνισμέναι
1047 1626 1095 1688 sal
1120 1626 1264 1711 μεγάλους

226 1736 338 1818 ἀγῶνας
353 1733 452 1814 Ἀρετὴ
473 1729 521 1793 καὶ
540 1729 681 1816 Tim-4
706 1726 891 1792 Certamina
909 1726 1136 1815 intelliguntur
1151 1731 1263 1794 &rum

226 1857 291 1901 non
314 1834 347 1898 ia
366 1833 448 1898 rebus
467 1832 605 1919 gerendis
625 1830 761 1896 invicem
782 1829 1028 1910 adversantium,
1050 1830 1105 1896 sed
1126 1831 1265 1898 derebus

222 1937 310 2024 gestis
328 1932 539 2022 litigantium,
560 1933 688 1998 laudem
709 1931 912 2018 caussamque
931 1931 1108 1997 effedlionis
1127 1947 1264 2021 utraque

225 2039 280 2107 fibi
300 2037 499 2103 vindicante:
523 2035 626 2124 qualis
648 2036 691 2100 est
708 2040 722 2098 s
739 2031 833 2122 capdr
851 2032 941 2119 ἁγὼν,
959 2035 1087 2122 praesens
1108 2048 1262 2119 certamen,

132 2130 135 2135 ¹
207 2139 312 2229 'quod
325 2140 358 2204 in
372 2139 435 2204 hoc
448 2138 571 2217 libello,
587 2151 749 2223 tamquam
766 2158 874 2200 coram
885 2135 1052 2223 judicibus
1067 2158 1106 2201 ac
1121 2139 1263 2220 testibus,

223 2252 345 2330 agunt:
369 2238 540 2326 qualiaque
559 2237 600 2302 de
621 2238 691 2302 aliis
710 2236 892 2303 civitatibus
907 2235 1041 2324 uirisque
1054 2235 1263 2338 qgerunt,'de

220 2343 339 2432 quibus
363 2339 518 2426 quaritur
542 2330 706 2403 Virtutine
729 2361 771 2404 an
798 2340 948 2404 Fortunae
970 2339 1044 2426 plus
1066 2339 1258 2409 debuerint-r

219 2443 318 2511 veluti
335 2441 544 2529 Assyriorum,
558 2441 732 2520 Persarum,
747 2441 993 2528 AEgyptiorum,
1008 2441 1261 2532 Carthaginien·

219 2549 297 2614 fium
321 2544 474 2630 imperim
498 2542 728 2623 Semiramidis,
756 2543 847 2632 Cyri,
873 2545 1028 2624 Sesostris,
1056 2546 1259 2628 Hannibalis,

219 2647 369 2725 aliorum,
387 2644 483 2710 rebus
496 2644 602 2732 gestis.
645 2646 733 2731 Ergo
747 2643 790 2710 eli
810 2642 889 2730 ἁγῶν
898 2638 1069 2732 judicialis,
1084 2666 1151 2733 quo
1170 2648 1262 2714 sensu

217 2763 253 2816 et
266 2749 400 2815 verbum
417 2747 598 2833 ἀγωνίζεσθαι
617 2745 770 2834 frequens
783 2748 837 2811 est.
881 2747 934 2813 De
948 2764 1029 2836 opere
1041 2748 1166 2836 etfado
1180 2750 1261 2816 dici-

162 2859 166 2868 '
217 2864 272 2919 tur
295 2851 460 2937 aliquanto
484 2848 595 2914 rarius.
641 2847 832 2935 Cujusmodi
854 2848 936 2914 dixit
963 2850 1114 2939 Polybius
1136 2851 1170 2917 in
1197 2852 1259 2927 bac

216 2955 285 3044 ipsa
297 2976 343 3035 re,
358 2953 399 3017 de
413 2951 618 3017 incrementis
640 2952 769 3040 imperii
791 2952 950 3035 Romani:
969 2955 1001 3017 ri
1022 2953 1177 3020 κάλλιπον
1196 2955 1260 3040 ἅμα

217 3059 266 3123 καὶ
281 3054 495 3139 ὠφελιμώτατον
513 3056 676 3139 ἐπιτήδευμα
688 3061 736 3132 τῆς
750 3055 858 3142 Τύχης·
881 3060 979 3122 πολλοὶ
998 3060 1057 3142 γὰρ
1076 3055 1145 3136 αὕτη
1164 3083 1259 3123 καινο-

214 3166 331 3225 ποιοῦσα
346 3156 393 3219 καὶ
408 3162 532 3241 συνεχῶς
545 3157 757 3241 ἐναγωνιζομίνη
773 3161 829 3231 τοῖς
841 3165 896 3221 τῶν
910 3157 1053 3242 ἀνθρώπων
1063 3157 1144 3240 βίοις,
1155 3159 1259 3224 οὐδέπω

213 3260 306 3326 roie'ri'
332 3262 428 3333 ἁπλῶς
455 3257 509 3321 οὔτ’
536 3257 691 3344 ἐἰργάσατο
715 3257 806 3343 ἔργον,
829 3257 885 3323 oir'
908 3259 1066 3347 issaram
1092 3261 1257 3346 ἀγώνισμα.

216 3361 405 3427 Plutarchus
418 3361 471 3426 De
483 3361 628 3426 Amicor.
642 3360 815 3452 Multitud.
830 3384 863 3448 p.
880 3383 934 3449 94.
950 3363 996 3428 C:
1016 3368 1052 3438 εἰς
1064 3368 1165 3449 ἀγῶνα
1177 3364 1255 3428 ἁπά-

212 3489 262 3542 σης
275 3463 375 3550 τύχης.
410 3463 463 3527 De
479 3462 585 3557 Genio
600 3464 689 3528 Soet.
706 3485 738 3549 p.
750 3477 826 3550 575.
841 3465 885 3531 C:
909 3469 1015 3549 ἀγῶνες
1029 3470 1126 3553 &parire
1140 3467 1188 3529 real
1202 3467 1254 3531 tri·

208 3594 278 3654 χης,
300 3565 384 3654 quali
406 3564 662 3644 adversariarum,
686 3565 901 3632 declarantur.
943 3565 1066 3631 Julian.
1091 3567 1149 3632 Or.
1171 3568 1198 3631 I.
1219 3563 1253 3654 p.

212 3687 266 3754 23.
285 3669 323 3733 B.
364 3666 427 3733 Sed
449 3668 513 3735 hoc
535 3667 609 3732 loco
632 3667 728 3732 unice
742 3667 827 3731 valet
841 3672 947 3752 ἀγῶνος
962 3667 1149 3755 significatio
1159 3668 1253 3755 judi-

210 3769 312 3833 cialis:
329 3770 422 3858 cujus
437 3784 504 3837 tam
519 3771 668 3858 frequens
683 3772 727 3836 est
740 3771 826 3851 usus,
843 3784 882 3835 ut
898 3770 944 3834 nil
956 3772 1093 3836 attineat
1107 3771 1256 3858 exempla

211 3893 383 3958 apponere.
428 3875 471 3937 Et
488 3874 551 3939 hoc
572 3873 669 3938 verbo
689 3895 820 3938 monere
840 3873 914 3940 satis
935 3874 989 3952 est,
1004 3873 1102 3959 Τύχης
1120 3873 1254 3939 nomine

210 3974 370 4038 contineri
388 3999 519 4041 omnem
540 3998 646 4041 rerum
667 3975 895 4062 assionumque
909 3974 1126 4057 efficientiam,
1143 4000 1217 4065 quse
1233 4000 1254 4043 a

209 4067 340 4142 Vir'tute
358 4076 528 4164 disjundta,
544 4081 651 4145 necin
667 4078 808 4144 hominis
824 4081 977 4165 potestate
993 4080 1094 4168 posita
1108 4083 1151 4147 est
1159 4108 1170 4162 ς
1193 4082 1254 4147 sive

209 4177 264 4241 illa
279 4192 317 4241 ut
331 4179 420 4243 casus
435 4194 468 4245 et
485 4182 660 4260 temeritas,
676 4181 735 4246 five
752 4195 790 4247 ut
803 4181 908 4247 divina
926 4178 1127 4268 providentia
1147 4183 1252 4249 insor-

207 4295 327 4346 metur.
371 4281 405 4348 Si
421 4283 491 4369 quis
507 4297 616 4351 autern
632 4283 786 4351 desideret
800 4285 1077 4373 reprehensionem
1091 4286 1253 4352 caecitatis
