2714 4770
271 312 449 375 nusum
471 272 879 390 nummati—rumora·
893 329 923 389 p.
938 310 1006 389 5⁵⁸·
1020 312 1065 370 a·
1128 311 1186 386 ³89

152 487 246 557 1057.
260 472 305 536 D.
334 470 450 537 Allulit
464 483 602 536 certeco
617 471 670 535 De
685 468 839 556 Capiend.
855 490 894 534 ex
910 467 1037 534 Inimic.
1055 468 1137 534 Util.
1153 491 1186 555 p.

148 592 204 659 91.
223 574 265 638 A.
288 578 372 648 κεῖνος
386 577 417 653 ἐξ
430 573 587 656 ἀδάμαντος
602 571 618 650 l
632 571 744 658 σιδάρου
759 573 951 658 κιχάλνιιυται
965 570 1101 654 μέλαιναν
1115 596 1187 658 νας-

149 672 218 737 δίαι·
248 689 282 739 et
309 674 495 740 Onosander
520 676 661 762 Strateg.
687 674 820 739 xLuu.
846 695 879 759 p.
905 693 976 754 124.
1004 672 1086 746 αὐτὸς
1108 668 1187 734 οὖνὸ

149 777 319 863 στρατηγὸς,
333 775 399 859 ἰὀζυς
413 777 491 857 pica
505 802 559 857 τις,
571 779 601 855 ἐξ
614 775 770 859 ἀδάμαντος
784 774 800 853 l
814 776 920 863 σιδήρου
935 775 1127 860 κιχάλιιιυται
1137 784 1164 835 ¹.

190 879 269 964 558.
284 880 326 944 A.
349 882 434 944 Μετὰ
456 879 577 959 Λέσβιον
598 879 690 962 vilda]
713 878 767 943 De
786 879 850 943 hoc
870 877 989 955 editio,
1003 898 1069 963 quo
1091 876 1187 960 Spar·

150 981 217 1046 tani
235 980 415 1068 Terpandri
439 980 628 1046 memoriam
652 979 907 1061 celebraverunt,
928 978 999 1043 vide
1022 976 1186 1043 AElianum

140 1084 191 1149 ·V.
209 1085 253 1149 H.
269 1084 349 1149 XII.
363 1098 419 1168 50.
456 1081 589 1150 suidam
603 1083 646 1147 V.
661 1095 695 1147 et
710 1081 834 1146 Erasm.
848 1081 959 1169 Adag.
974 1101 1006 1167 p.
1018 1096 1094 1165 473.

191 1206 212 1271 5
214 1184 268 1272 58.
284 1187 329 1250 A.
351 1185 447 1250 Πλῦον
462 1184 537 1271 ἔχειν
551 1184 646 1271 ἑτάροιο
660 1190 687 1250 ir
700 1210 732 1249 το
746 1188 875 1258 Βοιωτοῖς
890 1180 912 1247 ol
928 1182 1081 1247 Φιλτιάδαι
1096 1179 1190 1266 γάνους
1223 1230 1229 1243 .

151 1287 222 1364 ὄντος
235 1287 326 1368 ἀξίου,
339 1290 387 1353 καὶ
400 1291 478 1375 παρά
491 1293 637 1353 Φυιιιΐιοιν
651 1289 695 1352 διὰ
710 1288 893 1374 Δαΐφαντον]
920 1287 1006 1352 Vera
1019 1285 1062 1350 est
1077 1305 1189 1348 emen·

149 1389 237 1456 datio
259 1389 417 1479 Xylandri
438 1388 648 1477 corrigentia:
670 1391 853 1469 Ὀφιλτιάδαι
876 1388 954 1477 γένος
975 1387 1046 1462 ὄντος
1068 1389 1189 1466 ἀξιοῖντο,

149 1516 246 1580 quam
260 1495 360 1560 etiam
375 1492 615 1582 interpretando
629 1493 787 1580 expreffit.
816 1494 942 1571 Ἀξιιῡτι
956 1491 1062 1556 sensus
1075 1489 1141 1576 ipse
1155 1503 1190 1554 et

148 1596 391 1663 conslmdtionie
405 1595 486 1661 ratio
500 1595 613 1683 poscit.
638 1594 866 1667 Philtiadarum
880 1593 1024 1661 inaudita
1036 1593 1079 1658 est
1088 1614 1186 1680 gens:

149 1710 183 1762 at
198 1696 356 1784 Opheltaa
371 1697 504 1783 quidem
520 1695 594 1761 uris
608 1708 718 1774 notus,
735 1694 776 1759 de
794 1694 845 1783 cuj
851 1717 887 1759 us
903 1693 1033 1780 posteris
1048 1715 1112 1758 non
1127 1692 1188 1758 du-

149 1798 219 1865 bito
238 1799 316 1885 quin
337 1797 391 1864 hic
405 1797 558 1886 loquatur
573 1797 775 1863 Plutarchus.
822 1798 920 1877 Hunc
934 1818 973 1861 ex
987 1793 1143 1860 Theffalia
1155 1794 1189 1859 in

151 1900 311 1965 Boeotiam
339 1922 416 1966 cum
440 1898 504 1965 suia
528 1899 628 1985 copiia
653 1897 796 1965 traduxit
823 1897 1012 1985 Peripoltas,
1033 1913 1071 1963 ut
1092 1897 1190 1962 refert
1244 1925 1249 1931 ·
1320 1918 1326 1931 ’

150 2003 253 2068 noster
266 2002 300 2067 in
317 2002 456 2068 Cimone
475 2022 507 2089 p.
521 2002 599 2084 478.
614 2003 671 2066 Em
695 1999 825 2090 ejusque
838 2012 873 2065 et
886 2013 1012 2086 patrem
1026 2013 1060 2065 et
1075 1998 1188 2076 filiurn,

150 2102 235 2171 circa
252 2103 330 2169 belli
349 2101 481 2190 Trojani
503 2116 659 2191 tempora,
680 2103 801 2169 Thebis
823 2101 997 2188 imperasse,
1012 2102 1133 2166 constat
1150 2122 1190 2165 ex

152 2205 305 2271 Pausania
330 2203 465 2270 Boeotic.
492 2225 527 2290 p.
551 2222 626 2292 723.
671 2203 821 2269 Diversus
845 2205 887 2268 ab
913 2225 953 2267 eo
978 2202 1039 2268 esse
1065 2200 1189 2268 videtur

150 2307 321 2401 Opheltes,
350 2307 543 2374 Archemori
574 2310 609 2373 P.
640 2306 783 2373 sacerdos
808 2305 896 2391 Jovia
925 2304 1056 2384 Nemei,
1081 2326 1100 2368 a
1124 2326 1190 2402 quo

148 2431 242 2476 mons
265 2409 423 2497 Opheltes
443 2430 563 2475 nomen
578 2408 724 2497 accepit:
750 2408 812 2473 vid.
837 2406 1030 2495 Apollodor.
1048 2408 1087 2473 L.
1108 2409 1134 2471 1.
1155 2428 1188 2493 p.

146 2514 201 2595 46.
219 2513 281 2577 ΙΙΙ.
297 2533 330 2599 p.
346 2529 419 2609 175.
434 2525 469 2578 et
482 2513 638 2599 Taetnem
653 2509 695 2576 ad
706 2510 917 2598 Lycophron.
933 2509 976 2574 vs.
988 2526 1066 2596 373.
1098 2509 1189 2575 Idem

148 2634 267 2678 nomen
290 2612 409 2698 legitur
429 2611 518 2697 apud
540 2611 655 2698 Virgil.
680 2611 758 2677 AEn.
782 2613 843 2675 lx.
867 2611 909 2676 vs.
928 2631 1005 2691 401.
1050 2609 1190 2675 Statium
1228 2652 1233 2659 -

148 2712 252 2779 Theb.
273 2715 314 2778 L.
338 2714 397 2785 IV.
419 2713 462 2777 vs.
481 2711 829 2799 780.-Daiphantua
853 2710 1020 2777 Phocensis
1041 2709 1105 2775 suit
1126 2710 1189 2777 Ba·

149 2814 247 2902 thylli
269 2813 365 2880 silius.
409 2813 519 2900 Hujus
540 2827 574 2878 et
595 2814 785 2900 praeclarum
809 2813 935 2884 facinus
962 2826 1132 2893 memorat,
1155 2827 1190 2877 et

149 2915 248 2982 vitam
267 2914 419 3003 peculiari
439 2915 521 2981 libro
538 2915 692 2983 enarrasse
707 2915 738 2981 se
752 2915 885 2981 testatur
901 2914 1090 2981 Plutarchus
1112 2915 1189 2979 Vir·

150 3013 215 3093 t'ut.
236 3018 323 3085 Mul.
346 3039 380 3106 p.
397 3037 470 3101 244.
491 3019 530 3084 B.
574 3017 763 3106 Eodemque
787 3018 918 3098 audiore
940 3017 1074 3098 constat,
1096 3016 1205 3104 infig··
1278 3012 1282 3017 ’

149 3121 200 3186 nie
216 3120 355 3186 vietor-ia
375 3119 577 3200 memoriam,
594 3141 693 3206 quam
709 3118 895 3209 quingentis
913 3131 989 3183 ante
1008 3118 1094 3185 suam
1111 3131 1189 3183 ata-

148 3237 217 3291 tem
236 3223 330 3289 annis
353 3223 529 3315 Phocenses
547 3222 589 3288 de
606 3222 759 3319 Thessalia
777 3222 861 3288 duce
874 3220 1064 3308 Daiphanto
1078 3243 1188 3307 repor-

149 3338 305 3408 taverant,
319 3323 507 3392 adhucdum
528 3323 611 3389 festia
629 3323 719 3391 fuisse
739 3323 946 3403 celebratam,
962 3323 995 3387 in
1014 3322 1098 3388 libro
1110 3324 1189 3407 Non

148 3429 233 3495 suav.
251 3428 336 3516 poffe
351 3428 411 3496 vlvl
426 3427 489 3494 sec.
505 3428 598 3515 Epic.
620 3450 653 3516 p.
671 3428 765 3515 1098.
782 3428 819 3491 F.
840 3415 888 3507 τὴν
899 3428 951 3511 μὶν
966 3430 1023 3514 γάρ
1038 3426 1188 3513 Μαραθῶνι

149 3529 247 3615 μάχην
266 3529 339 3618 ἄχρι
358 3537 402 3596 νῦν
416 3532 564 3611 Ἀθηναῖοι,
588 3531 636 3594 καὶ
657 3533 705 3610 τὴν
726 3533 753 3594 ἔν
774 3529 923 3615 Λεύκτροις
944 3531 1080 3608 Θηβαῖοι,
1097 3530 1189 3608 nala»)
1217 3514 1222 3519 Ι

150 3631 209 3697 Δία
221 3636 297 3715 ἡμεῖς
310 3637 358 3710 τὴν
376 3633 537 3711 Δαϊφάντου
556 3634 617 3721 περὶ
637 3633 796 3718 ΙὙάμπολιν
814 3631 987 3721 ἑορτάζομεν,
1002 3633 1038 3705 ὥς
1052 3629 1125 3708 iore,
1141 3630 1248 3720 ual70

149 3736 246 3800 θυσιῶν
262 3737 309 3799 καὶ
323 3745 411 3817 τιμῶν
425 3743 440 3813 ἡ
453 3739 550 3811 Φωκὶς,
562 3721 768 3820 ἒμτάτλητταν.
812 3735 938 3800 laudat
956 3754 1085 3822 quoque
1099 3731 1187 3797 Reis-

150 3837 234 3905 ssrius
260 3837 344 3903 hanc
367 3837 399 3902 in
423 3860 492 3902 rem
506 3836 666 3905 'Photi'um
689 3837 774 3905 Cod.
798 3838 919 3903 CLXI.
946 3849 981 3901 et
1006 3834 1188 3900 Pausaniam

182 4033 194 4055 ¹
211 4021 466 4076 chananeorum.
694 4030 789 4070 rma.
820 4019 879 4068 Non
892 4032 928 4067 ex
943 4016 1073 4082 AEschylo:
1093 4029 1191 4066 namet

181 4115 193 4138 ²
210 4106 311 4157 Videtur
326 4107 400 4154 etiam
418 4105 506 4152 imitari
520 4103 645 4153 Heliodor.
696 4099 828 4164 AEschylus
843 4115 875 4150 ex
892 4100 1001 4151 Pindaro.
1035 4099 1121 4151 Simile
1132 4099 1189 4148 doh.

151 4189 337 4251 1,.Ν.7ι.164.
357 4185 552 4239 lid-Boudeion
583 4187 646 4250 Ergo
696 4181 782 4246 Chrys.
792 4181 824 4230 T.
836 4181 869 4230 ΙΙ.
882 4191 937 4234 091.
948 4180 980 4229 D.
1060 4214 1064 4221 -

150 4284 275 4334 perperam
284 4267 648 4330 SunleiuaadAEschyl.Prorn.

732 4365 820 4431 ccg
943 4346 948 4354 '
