2714 4770
229 360 285 422 154
345 343 403 401 Ἰ).
424 341 473 401 W.
494 339 691 401 nNmADV.
712 338 758 398 IN
779 338 1012 398 PLUTARCHI
1032 339 1111 398 LIB.
1142 384 1145 390 .

225 502 473 587 νοιυμαχῆσοιντοις,
492 501 541 564 nni
558 503 620 574 τοὺς
639 501 680 562 ἔτί
700 499 870 586 Ἀρτεμισίῳ
886 526 915 564 ιι.
929 524 959 563 τ.
975 513 1005 563 λ.
1027 496 1115 585 quod
1129 519 1150 561 a
1163 497 1260 563 Thu·

226 604 342 694 cydide
355 603 472 668 fluxisse
489 604 517 667 1.
535 621 588 688 73.
604 615 716 666 monet
730 602 882 666 Waffius.

267 724 343 793 350.
359 705 400 770 C.
424 709 453 769 ου’
470 705 533 779 τοὺς
554 709 581 768 ir
601 708 663 779 τοιῖς
688 705 911 790 σχολαῖς-ἐφ’
935 703 972 778 οῖς
996 708 1025 766 οὐ
1049 704 1113 778 τοὺς
1134 705 1256 790 Ἰσοιορ.]

225 809 409 894 Utrumque
430 811 459 870 οὐ
479 807 521 871 est
539 828 558 870 a
576 805 753 892 Stephano.
799 805 912 871 Prioris
927 805 999 869 loco
1016 804 1094 869 Ald.
1111 805 1188 893 Xyl.
1206 805 1262 869 ba·

225 910 304 975 bent
324 909 359 988 i}
383 923 417 974 at
437 907 570 973 Leonic.
593 907 721 973 Schott.
739 909 851 972 Anon.
868 913 910 987 οὐ,
926 930 991 972 non
1009 907 1261 974 dissentientibus

226 1012 336 1077 nostrie
361 1010 537 1076 codicibus.
583 1009 736 1075 Posterius
764 1011 889 1096 prorsus
913 1010 998 1075 abest
1024 1009 1063 1074 in
1083 1009 1162 1075 Ald.
1191 1011 1260 1076 Bas.

225 1113 305 1203 Xyl.
324 1116 364 1197 E.
384 1114 434 1178 G:
457 1135 516 1177 nec
538 1125 645 1176 tamen
666 1134 705 1177 eo
724 1112 882 1190 adhibito,
902 1112 1007 1177 sensus
1029 1112 1102 1178 satis
1122 1112 1259 1177 constat:

222 1203 294 1304 nui,
306 1230 345 1281 ut
365 1236 453 1280 nuuc
471 1214 514 1279 est
529 1213 637 1293 lectio,
653 1214 692 1279 fic
707 1214 913 1300 accipiendus
929 1214 992 1279 est:
1016 1214 1121 1303 inqua
1135 1215 1263 1279 oratione

225 1320 260 1383 id
279 1342 371 1383 υνιυνιι
385 1315 651 1406 splendidiffimum
676 1329 703 1380 et
726 1315 916 1403 dotiiffimum
926 1315 1017 1403 fecit,
1041 1318 1120 1405 quod
1142 1318 1263 1406 majores

218 1421 368 1508 juravit.
381 1420 433 1509 qni
454 1420 538 1508 apud
558 1421 769 1484 Marathonem
794 1434 847 1506 pro
868 1418 1006 1483 libertate
1022 1421 1214 1507 pugnaffent,
1236 1435 1264 1485 et

225 1546 282 1589 οουοι
294 1520 446 1608 magistros
463 1521 515 1610 qni
536 1521 569 1584 in
579 1520 689 1608 scholis
703 1519 857 1609 dffcipulcs
871 1545 906 1584 ea
916 1519 1065 1604 facinora
1078 1525 1180 1586 docent
1188 1537 1264 1609 pru·

223 1636 290 1712 pter
313 1647 383 1712 quae
406 1623 512 1688 ciuitas
536 1646 594 1686 νιονι
614 1622 823 1709 Αιιιῖρθονιιεο,
847 1623 946 1710 lsaens,
970 1623 1119 1710 ῌυιταιοο,
1131 1623 1194 1710 sed
1216 1625 1264 1686 bos

227 1728 294 1813 (ρτο
312 1724 417 1814 patria
437 1724 641 1806 occumbentes)
662 1723 783 1812 publica
794 1722 956 1811 sepultura
975 1723 1142 1789 bonoravit.
1187 1727 1265 1790 For·

226 1830 302 1895 tolie
315 1828 436 1917 aliquid
450 1827 579 1894 excidit.
615 1830 758 1894 Verbum
774 1829 963 1915 προδιδάσκειν
974 1828 1073 1895 hebet
1087 1853 1152 1895 non
1166 1829 1264 1895 modo

226 1932 420 2020 elegantiam
446 1930 652 2018 oppofitionis
674 1930 715 1996 ad
735 1933 953 2016 προκινδυνεύειν,
975 1931 1148 1997 sedetiam
1171 1954 1262 2008 com·

227 2033 466 2101 mundationem
487 2035 529 2098 nb
550 2033 608 2099 usu
630 2033 663 2098 in
685 2031 839 2098 docendis
857 2033 1030 2120 juvenibus
1050 2035 1264 2122 frequentato.

229 2134 421 2202 Plutarchus
439 2133 554 2219 Gryllu
572 2154 604 2219 p.
617 2151 693 2220 992.
709 2135 736 2198 Β
748 2158 756 2197 ι
781 2139 810 2197 αῖ
824 2134 851 2196 δὲ
866 2132 970 2210 ἀηδόνες
984 2136 1044 2210 τοὺς
1057 2138 1183 2211 νεοσσοὺς
1197 2162 1265 2221 προ-

167 2304 170 2308 ,
228 2236 400 2301 διδάσκουσιν
423 2234 505 2322 ᾅδειν.
549 2234 665 2299 Solert.
686 2235 830 2300 Animal.
853 2237 928 2322 968.
950 2236 992 2301 C.
1022 2255 1098 2324 975.
1118 2239 1159 2302 Β.
1182 2239 1266 2305 Cato

228 2336 315 2405 Min.
331 2357 405 2423 770.
421 2337 463 2402 C.
497 2338 587 2402 Plato
601 2338 705 2425 Gorg.
720 2361 754 2424 p.
767 2339 841 2424 298.
859 2341 905 2403 Ει
927 2340 1073 2427 πρᾳότερθν
1087 2367 1125 2423 με
1136 2341 1265 2428 προδιδο·

214 2465 293 2520 σοι,
306 2440 351 2503 θνα
364 2444 403 2522 μὴ
415 2439 589 2518 διποφοιτὴσυι
602 2444 754 2525 παροὶυοῖι.
798 2440 865 2505 Ubi
878 2441 1067 2507 Scholiastes
1082 2442 1267 2508 Ruhnkenii

137 2598 141 2607 ,
229 2565 264 2630 p.
279 2559 356 2626 117:
371 2540 520 2628 περιττεύει
536 2547 551 2618 ἡ
565 2540 687 2627 πρόθεσις
700 2543 848 2616 Ἀττικῶς·
866 2564 1052 2629 perperaum
1068 2545 1168 2610 habet
1180 2546 1267 2610 enim

228 2643 407 2731 praepofitio
430 2642 492 2708 vim
515 2642 680 2728 ‹fiendendi
700 2657 734 2708 et
755 2646 882 2730 exemplo
902 2647 1071 2730 praeeundi.
1115 2647 1268 2733 Epinom.

230 2766 264 2832 p.
284 2763 358 2830 704.
382 2747 434 2811 D:
457 2749 553 2809 πολλοὶ
575 2747 792 2832 προδιδάσκοντοι
816 2748 864 2809 νιοιῖ
887 2747 1008 2830 ἐθίζοντα
1029 2751 1069 2812 δεῖ
1085 2752 1267 2814 διαπονεῖσθαι

230 2850 317 2913 neila
338 2847 404 2912 irre
425 2849 474 2911 καὶ
495 2847 645 2912 νεανίσκον.
690 2848 843 2912 Aristides
862 2851 902 2913 T.
920 2852 947 2913 Ι.
962 2871 996 2935 p.
1015 2868 1088 2935 107,
1105 2870 1177 2937 137,
1191 2871 1269 2938 507,

145 3037 147 3041 y
228 2968 306 3038 509.
329 2952 375 3014 ΙΙ.
389 2967 444 3034 71,
462 2970 537 3029 101,
555 2969 627 3036 149.
648 2950 705 3014 ubi
721 2949 840 3038 legitur
859 2951 957 3038 vulgo
975 2951 1179 3044 προσδιδίισνιμ,
1197 2957 1270 3041 189,

232 3055 305 3120 226.

271 3174 348 3240 550.
364 3154 405 3219 C.
421 3153 464 3229 οὓς
477 3157 526 3217 οὖν
540 3155 679 3238 ἐμιμεῖτο]
705 3153 859 3218 Similiter
873 3154 1062 3220 Plutarchus
1078 3156 1111 3220 in
1127 3156 1177 3245 Ej.
1193 3159 1272 3224 Vita

230 3278 263 3343 p.
281 3258 300 3320 8
300 3273 355 3342 52.
372 3257 421 3322 C:
445 3255 586 3339 ῖποοινθσοιι
607 3257 658 3338 μὶν
680 3256 847 3332 ῖιιοονοθτοιτος
866 3256 896 3336 ἦν
910 3262 947 3322 τοδ
960 3267 1014 3323 τοῖν
1026 3259 1165 3346 τρογθνυιν
1179 3265 1271 3342 καλοὶ,

228 3357 404 3440 μομῆσοισθοιι
419 3358 447 3420 ii
461 3361 516 3441 οὐχ
530 3356 639 3439 θμοθοις.

271 3479 290 3545 3
293 3475 348 3544 50.
364 3460 411 3524 D.
429 3460 593 3546 Ἰσοκράτης
615 3461 643 3523 di
661 3461 724 3535 τοὺς
741 3464 767 3524 ἓν
781 3463 992 3548 Μαραθῶνμ]
1020 3465 1059 3527 In
1074 3463 1272 3551 Panegyricu

231 3561 323 3627 Orat.
345 3584 379 3649 p.
394 3561 435 3649 98
455 3574 489 3625 et
509 3583 572 3647 99:
595 3562 718 3641 ἀπήντων
731 3561 833 3626 οῖιιεθοιν
848 3564 959 3647 δύναμιν
975 3565 1085 3651 ἔχοντες
1099 3565 1190 3651 θλθγοι
1205 3568 1272 3652 πρὸς

229 3667 338 3739 πολλοῖς
353 3663 487 3751 μυριάδας
500 3662 591 3752 οθστέρ
606 3669 632 3728 iv
645 3665 807 3751 οῖλλοτρθαις
823 3671 933 3753 ψυχαῖς
945 3668 1096 3751 μέλλοντες
1106 3665 1272 3734 eododem

229 3765 382 3831 Similiter
402 3781 497 3832 antea
518 3765 641 3831 dixerat
658 3766 867 3854 Thucydides
883 3772 910 3834 1.
927 3787 980 3855 70.
1001 3770 1042 3836 de
1062 3771 1270 3837 Athenieni-

175 3856 178 3865 ’
208 3870 292 3934 'bue
313 3867 475 3934 dicentem
497 3868 703 3935 Corinthium
728 3869 869 3935 faciensz
892 3877 948 3948 τοῖς
960 3874 1011 3957 μὲν
1025 3875 1159 3957 σώμασιν
1178 3879 1272 3959 ἄλλο·

106 4019 128 4044 ,
230 3970 388 4056 τριοοτοῖτοις
408 3972 472 4058 ὑπὲρ
491 3977 538 4047 τῆς
551 3969 655 4045 πόλεως
667 3978 807 4056 χροῖντοιι,
821 3979 854 4059 τῇ
869 3975 896 4037 δὲ
910 3975 1007 4061 γνώμῃ
1022 3975 1175 4062 οῖιιειοτίιπρ
1190 3980 1226 4051 εἰς
1240 3979 1274 4040 τό

229 4072 364 4160 πράσσειν
377 4098 404 4137 τι
419 4074 483 4158 θπῖρ
498 4077 593 4149 αὐτῆς·
616 4095 714 4160 quem
729 4073 770 4137 ad
786 4073 894 4139 locum
910 4077 1104 4142 Abreschius
1119 4076 1151 4140 in
1172 4078 1273 4143 Dilu-

230 4173 294 4239 cid.
306 4174 459 4261 Thucyd.
471 4177 654 4263 complures
668 4175 767 4264 hujus
778 4178 918 4264 exempli
933 4179 1109 4245 imitatores
1120 4179 1271 4266 producit

231 4300 264 4365 p.
274 4280 328 4364 65.
372 4277 500 4366 Quibus
520 4278 681 4351 addentur
702 4280 851 4370 AElienus
874 4285 952 4350 Nat.
974 4285 1042 4350 An.
1063 4285 1159 4364 VIII,
1179 4305 1208 4349 1.
1228 4283 1272 4350 de
