2714 4770
274 356 545 427 QUAEs‘rroNus
566 354 769 420 ROMANIS.
790 378 818 437 p.
835 373 902 436 275.
919 359 1053 437 c-s76.
1067 362 1100 420 C.
1168 378 1206 440 37

162 517 256 605 gaba
268 518 347 606 rogis·
363 516 531 605 Maſsnffs
541 515 624 605 filio,
639 516 768 585 Puteolis
781 542 887 584 novem
901 521 1017 608 egrcffln
1027 511 1209 610 praestofus't

163 619 282 688 obviam
303 620 398 709 mrffsr
418 645 482 687 cum
501 621 622 709 pecunia
641 621 683 686 L.
698 619 839 686 Manlius
860 621 992 712 quaestor,
1011 624 1062 712 qui
1083 623 1206 690 Romam

116 763 117 768 κ
164 723 453 811 asmpublimsumtu
464 725 640 812 perduceret.
669 723 789 790 Eadem
802 720 1137 793 liberalitasaSenatu
1149 749 1207 814 per

163 826 350 912 quaestorern
373 829 413 893 L.
441 827 630 894 Stertinium
654 827 745 894 alteri
767 825 934 903 Mafiniffre
957 828 1034 909 silio,
1056 852 1127 915 cap.
1151 850 1204 913 14.

163 927 272 995 Valer.
288 929 378 995 Max.
392 931 436 996 V.
451 940 482 994 Ρ.
497 951 526 995 r.
542 931 601 996 VI.
615 932 648 995 6.
657 944 695 1015 5:
713 928 824 1007 fimilia
837 929 1006 1018 quaestorum
1019 931 1123 998 officia
1137 955 1206 1001 me.-
1316 930 1321 941 ’

163 1043 277 1097 morat.
324 1031 428 1119 Atqui
451 1031 551 1098 libera
575 1055 643 1120 rep.
671 1032 708 1097 hi
737 1032 929 1097 dicebantur
956 1033 1070 1114 ταμίαι,
1100 1035 1206 1119 postea

160 1129 281 1220 stow
291 1139 341 1198 τοῦ
354 1133 469 1217 ταμίου
483 1134 628 1221 praesedti
641 1133 765 1214 aerario,
780 1146 818 1199 ut
835 1132 998 1199 Plutarchi
1008 1145 1104 1198 aetate
1113 1134 1204 1199 usur·

160 1235 330 1321 pabautur.
361 1235 504 1302 Pertinet
517 1236 582 1302 huc
595 1236 696 1302 etiam
711 1235 838 1303 Servius
852 1220 932 1302 AEn'.
946 1235 1025 1302 VII.
1045 1235 1118 1300 168.

204 1352 279 1423 275.
296 1337 337 1404 C.
351 1338 425 1424 μδῖ]
449 1339 576 1406 Gellius
590 1338 634 1404 X.
653 1355 705 1425 15.
734 1339 845 1405 Livius
862 1337 991 1404 XXXI.
1010 1357 1065 1424 50.
1083 1336 1205 1425 dequo
1243 1381 1248 1388 ·

159 1439 204 1504 A.
227 1440 397 1507 Turnebus
416 1441 549 1507 Advers.
571 1441 716 1508 XXVII.
737 1457 770 1525 7.
806 1442 860 1506 De
880 1439 1052 1507 Alcibiade
1070 1438 1104 1504 in
1123 1439 1203 1527 Ejus

158 1538 239 1607 Vita
251 1561 284 1627 p.
300 1560 376 1610 202.
392 1545 426 1608 F.
458 1544 537 1608 Non
553 1566 659 1610 veram
681 1543 817 1632 caussam
830 1541 999 1624 reddidisse
1012 1541 1092 1608 dicit
1106 1542 1203 1608 verbo

158 1641 308 1709 Heinsius
323 1643 365 1708 ad
379 1642 556 1710 Hesrodum
569 1666 602 1732 p.
616 1663 686 1732 ¹17·
710 1645 781 1711 Nos
791 1645 825 1711 in
836 1643 948 1732 caussis
959 1642 1124 1732 exigendis
1136 1665 1202 1710 uon
1238 1671 1250 1680 ·

157 1757 358 1831 argutamur.
573 1823 577 1832 ⁴
644 1758 656 1778 ⁴
780 1824 782 1828 ¹
1202 1805 1206 1813 .

201 1863 275 1932 275.
291 1849 335 1913 D.
351 1837 424 1933 prb]
450 1849 510 1914 Pro
525 1847 714 1936 Οὔὸνεςαλίων
727 1847 904 1936 legendum
916 1830 1074 1912 Osssahsur
1089 1857 1202 1913 monet

156 1947 290 2013 Ursrnus
304 1948 345 2013 ad
358 1950 538 2015 Varronem
553 1949 606 2013 De
619 1951 659 2015 R.
674 1950 714 2014 R.
729 1948 758 2013 I.
776 1969 807 2028 1,
823 1950 856 2013 6.
879 1968 940 2012 nec
962 1945 1103 2012 dissentit
1122 1949 1202 2013 Sce-

157 2047 241 2136 liger
257 2048 298 2113 ad
318 2051 441 2115 Festum
461 2050 494 2114 in
514 2072 593 2115 voce
615 2049 751 2114 Vinalia.
787 2051 862 2116 Nec
880 2048 1037 2134 Venerosia
1050 2047 1126 2114 alibi
1141 2070 1202 2116 no·
1276 2078 1283 2087 ·

157 2150 333 2219 minentur.
364 2150 523 2217 Mezentii
536 2173 613 2218 cum
626 2151 771 2240 Trojanis
784 2151 917 2239 pedum
931 2150 1056 2216 ornavit
1066 2151 1200 2218 Ovidius
1231 2202 1233 2210 .

157 2253 236 2318 rost.
253 2254 312 2318 1v.
329 2253 406 2318 880.
424 2255 486 2340 seq.
531 2244 656 2341 Arrigis
668 2267 704 2319 et
717 2251 871 2319 Aurelius
885 2251 1068 2341 tuensqui
1081 2253 1201 2322 dicitur

156 2356 209 2421 De
224 2355 319 2443 Orig.
336 2356 433 2421 Gent.
453 2357 549 2431 Rom.
565 2357 641 2422 XV.
665 2353 838 2444 Di0nyfius
855 2355 932 2421 Hal.
949 2357 977 2422 1.
993 2357 1048 2440 65.
1079 2355 1200 2424 Plinius
1231 2377 1233 2380 ’

156 2457 203 2524 Η.
226 2457 271 2524 N.
294 2460 388 2525 XIV.
414 2480 466 2541 14.
509 2457 603 2524 Plura
624 2458 792 2526 videantur
808 2459 842 2526 in
862 2459 984 2548 Heynii
1005 2460 1136 2526 Excurs.
1157 2459 1200 2528 ed

154 2559 274 2649 Vrrgil.
290 2563 366 2627 AEn.
383 2563 479 2627 VIII.
494 2561 572 2646 478.
1274 2638 1277 2643 ¹

198 2679 273 2750 275.
296 2667 333 2731 F.
354 2663 431 2750 pest]
461 2665 515 2731 De
540 2664 649 2728 Horta
669 2661 802 2730 nomine
821 2662 897 2730 alibi
918 2685 983 2729 nou
1006 2676 1198 2745 memorato,
1293 2746 1295 2750 Α

154 2764 365 2838 Plutarchum
388 2766 506 2833 erroris
532 2765 712 2852 suspedtum
736 2765 929 2831 haberemus
955 2765 1009 2831 nisr
1032 2764 1197 2831 sudorem
1283 2756 1287 2783 ²

153 2862 269 2931 citaret
288 2865 463 2931 Antistium
486 2869 682 2932 Labeonem.
726 2867 832 2931 Deam
856 2865 971 2930 Horam
995 2865 1142 2930 novimus
1158 2887 1199 2932 ex
1223 2905 1228 2908 ·

154 2967 272 3034 ovidio
294 2970 380 3033 Met.
401 2969 495 3034 XIV.
515 2983 671 3047 extremo,
689 2967 795 3032 Ennio
811 2968 938 3052 Fragm.
955 2987 989 3052 p.
1005 2985 1060 3051 43.
1089 2966 1198 3034 Gellio

152 3071 251 3141 XIII.
268 3090 322 3157 23.
368 3073 404 3136 In
426 3070 531 3135 uerbis
551 3071 606 3135 ἀπὸ
624 3075 672 3146 τῆς
690 3073 760 3159 ἀρᾶς
777 3059 1059 3154 videturspedtare
1077 3091 1215 3135 nornen-
1311 3120 1313 3125 s

151 3180 275 3264 ἀρητῆρα
286 3185 476 3263 precatorem.
511 3173 693 3259 Ἀντίστιχος
704 3172 810 3237 Λάκων
823 3171 903 3237 dant
915 3170 993 3236 Ald.
1009 3172 1104 3238 Beer
1126 3175 1195 3238 Ἀν·

149 3277 280 3365 τίπιχος
303 3275 436 3358 Meris,
459 3278 578 3342 Venet.
602 3276 709 3342 Voff.t
742 3273 903 3350 Ἀντίστιος
923 3272 1054 3354 Λαβεὼν,
1077 3275 1193 3362 steph.

151 3379 230 3466 xyl.
250 3391 284 3445 et
302 3394 341 3444 ut
360 3378 488 3444 videtur
506 3379 546 3458 E,
566 3378 614 3457 H,
636 3376 756 3464 quippe
776 3397 816 3441 ex
834 3374 952 3464 quibus
969 3370 1016 3441 nil
1032 3375 1194 3446 varietatis

150 3493 343 3545 annotatum
366 3480 482 3545 habeo.
529 3481 589 3545 Pro
606 3479 744 3544 lutosus
759 3498 873 3544 omnes
892 3476 964 3543 libri
977 3476 1086 3552 vitiose
1100 3476 1192 3561 exhi·

143 3582 230 3649 'bent
254 3581 410 3661 κλειννῦειν,
433 3594 570 3668 excepto
600 3579 779 3675 Xylandw,
805 3578 861 3668 qui
886 3579 1023 3647 correxit
1045 3579 1192 3644 inriserit

99 3685 107 3767 ζ
147 3681 349 3752 reddidimus
363 3684 499 3750 formam
513 3696 652 3749 austere
665 3681 805 3749 lectione
821 3681 930 3748 minus
944 3681 1191 3767 discrepantem.
1235 3677 1238 3684 ’

147 3848 153 3860 ,
194 3806 228 3872 p.
251 3788 325 3870 276.
345 3787 384 3851 B.
397 3785 475 3877 pm
504 3788 547 3852 Et
568 3785 642 3852 hoc.
655 3784 822 3874 singulare,
844 3807 905 3851 nec
928 3781 1005 3849 alibi
1026 3780 1193 3871 proditum

149 3911 170 3959 tt
189 3888 381 3956 Plutarcho:
405 3889 494 3977 quod
515 3892 681 3966 miremur,
701 3887 779 3976 quie
799 3885 896 3974 hujus
916 3883 1032 3973 templi
1050 3884 1190 3951 mentio,-

149 4013 225 4057 uem
253 3991 331 4057 fecit
351 3990 385 4056 in
407 3991 547 4058 Romulo
568 4012 602 4078 p.
618 4010 673 4076 33.
690 3991 731 4054 A.
747 4003 780 4054 et
797 4009 851 4075 34.
866 3990 911 4054 D.
931 3989 996 4054 hcc
1017 3987 1098 4054 adeo
1117 3988 1192 4058 loeo

149 4107 188 4160 ut
203 4093 235 4158 in
250 4095 329 4160 urbe
344 4093 403 4176 siti,
418 4091 497 4159 item
511 4092 682 4181 Dionysius
698 4090 776 4157 Hal.
792 4093 819 4156 I.
833 4112 888 4177 50.

193 4198 267 4282 276.
279 4196 320 4263 C.
331 4195 406 4284 prb]
423 4199 477 4264 De
491 4195 701 4262 Consualibus
715 4193 778 4260 ulia
794 4192 902 4282 prodit
917 4186 1105 4261 Plutarchus
1124 4195 1191 4260 Ro·

147 4299 238 4367 mulo
253 4318 286 4386 p.
303 4314 355 4385 25·
371 4300 416 4392 D
430 4299 510 4368 item
528 4296 593 4370 elil.
638 4297 693 4365 Ad
709 4297 792 4365 hunc
810 4296 1028 4385 Quaestionem
1051 4294 1190 4384 pertinet

638 4419 695 4486 ¹³3
