2714 4770
233 333 290 397 104
369 321 409 382 D.
431 321 480 383 W.
501 320 698 382 ANIMADV.
719 321 763 379 IN
784 318 1019 380 PLUTARCHI
1040 317 1120 379 LIB.

227 480 307 569 Xyl.
328 480 422 547 Harl.
466 483 508 546 Et
526 481 667 546 romulus
687 480 787 546 habet
807 480 833 545 B
854 479 886 544 in
909 478 1073 566 margine:
1102 489 1137 542 at
1150 475 1185 542 in
1199 475 1266 563 ipsa

154 571 158 581 ¹
226 583 372 651 oratione
384 588 505 667 πομπὴν
519 597 557 649 ut
569 584 662 649 Harl

268 704 346 771 323.
361 688 400 751 E.
413 685 556 772 Τιμόθεος]
583 684 675 750 Idem
689 683 814 751 dictum
829 681 1113 749 animadvertimus
1127 681 1180 746 De
1193 681 1265 748 Au-

225 787 336 853 diend.
353 790 444 854 Poet.
458 811 492 875 p.
503 807 558 874 33.
575 789 620 853 D.

269 909 346 976 333.
362 891 398 954 F.
417 888 558 953 Φίλιππον
578 887 708 968 ἀπέβαλε
728 891 815 950 Mass
817 866 901 972 dorla]
928 887 1010 951 Haec
1024 887 1067 951 est
1081 885 1178 953 1θᾶἱο
1193 886 1266 951 Ste-

227 989 325 1078 phani
348 1004 383 1055 et
403 989 554 1056 codicum
579 987 756 1055 nostrorum
778 988 988 1076 scriptorum
1011 1011 1085 1052 narn
1107 987 1142 1053 in
1166 989 1269 1053 nostra

227 1090 437 1156 editioneMa
439 1091 544 1178 κιδονίᾳ
558 1091 601 1156 est
616 1112 787 1177 operarum
801 1110 900 1156 error.
944 1089 1015 1155 Bas.
1033 1089 1110 1178 Xyl.
1127 1089 1269 1166 Φίλιππος

227 1193 356 1272 ἀπέβαλε
371 1192 557 1259 Max-tortas.
602 1193 655 1260 Sic
670 1207 704 1259 et
718 1192 797 1258 Ald.
814 1207 950 1280 excepto
963 1190 1150 1268 Mandonius.
1174 1193 1268 1259 Harl.

227 1295 385 1376 κοντῦβολν.

269 1421 304 1487 p.
320 1419 397 1486 334.
414 1400 457 1464 A.
479 1398 734 1487 ἄνοι’κοψονῆῖὸνονν]
753 1398 867 1467 Reissdi
880 1398 924 1463 est
936 1398 1124 1486 eonjedlura
1134 1399 1269 1477 ἇνᾶκοψον

227 1504 342 1589 δρὴμονν·
358 1501 462 1566 retulit
474 1504 563 1590 usque
576 1505 620 1567 cd
632 1505 746 1592 deserta
761 1501 947 1566 meridiana:
968 1500 1100 1582 scilicet,
1110 1501 1216 1589 quod,
1231 1493 1270 1568 ut

229 1604 346 1692 inquit,
361 1603 450 1670 litora
465 1605 496 1668 νὀι
510 1607 606 1670 media
622 1606 782 1670 continente
791 1603 915 1691 frustra
936 1627 1067 1692 quaeras.
1112 1604 1271 1693 Equidem

228 1706 319 1787 ἠϊὸνων
340 1707 494 1772 retineam
518 1707 551 1772 in
574 1706 714 1772 dictione
735 1705 873 1772 oratoria
891 1719 929 1770 ut
947 1705 988 1770 ad
1002 1728 1070 1771 rem
1085 1706 1269 1794 augendam

229 1809 454 1896 compofitum,
481 1831 541 1875 nec
568 1809 631 1875 fine
656 1807 927 1874 verifimilitudine
951 1811 1087 1895 pofitum
1113 1809 1206 1897 usque
1228 1809 1273 1874 ad

228 1911 317 1977 litora
338 1914 430 1977 maris
443 1914 613 1978 meridiani.
657 1915 705 1980 At
719 1913 852 1988 ἀνέκοψεν
866 1915 1012 2001 probem,
1027 1926 1065 1979 ut·
1083 1913 1271 2001 usurpatum

229 2015 294 2080 hoc
313 2015 416 2096 sensu,
436 2029 470 2080 et
487 2015 557 2081 aliis
578 2028 612 2081 et
634 2015 818 2082 Plutarcho.
840 2039 870 2080 v.
884 2036 915 2080 c.
931 2016 1019 2103 Opp.
1039 2016 1128 2080 Mor.
1142 2036 1177 2101 p.
1194 2017 1270 2105 897.

230 2119 266 2183 F.
291 2117 361 2184 Vit.
378 2120 452 2204 265.
468 2122 503 2185 F.
527 2138 601 2203 272.
618 2119 658 2184 C.
683 2122 757 2207 296.
772 2121 816 2185 A.
839 2138 914 2206 3ι3.
931 2120 969 2183 E.
992 2137 1068 2201 402.
1081 2119 1119 2184 B.
1140 2120 1218 2204 463.
1232 2121 1270 2185 E.

231 2220 306 2307 699.
324 2220 363 2284 B.
389 2235 463 2307 935.
480 2221 519 2285 E.
547 2236 623 2309 971.
640 2220 683 2285 D.
730 2220 893 2285 Caeterum
918 2219 1062 2307 Pompeii
1084 2220 1172 2286 illam
1195 2223 1272 2288 Nu·

229 2318 382 2387 midicam
405 2320 643 2408 expeditionem
665 2321 847 2410 {impliciter
867 2323 1006 2387 narravit
1029 2321 1247 2390 Plutarchus'
1238 2348 1272 2390 m

231 2423 308 2512 Ejus
323 2423 448 2511 Vrtap
462 2426 539 2505 634.
555 2427 591 2490 F.
607 2438 641 2489 et
655 2425 743 2512 sequ

272 2545 349 2613 334.
366 2527 440 2592 B.
420 2553 457 2602 ως
468 2527 549 2605 'vata
549 2525 631 2612 clau]
649 2529 711 2603 6ςὸ
724 2525 872 2606 Ἀθηναίων
885 2526 964 2593 dant
978 2520 1072 2594 Harl.
1088 2529 1175 2594 Vols.
1192 2532 1228 2596 Ρ.

271 2648 349 2715 334.
371 2629 456 2693 iss
434 2656 469 2704 ς
491 2633 504 2693 ο
528 2631 723 2718 Κολοφωνίων]
753 2631 852 2695 Hunc
875 2653 1069 2718 quamquam
1094 2632 1271 2719 antiquiffi-

181 2731 184 2740 ’
231 2757 334 2816 ιιιιιιιν,
358 2747 465 2799 tamen
489 2746 527 2798 ut
548 2733 720 2799 minimum
740 2733 773 2798 in
797 2734 859 2798 fine
877 2733 1007 2820 adjecit.
1052 2734 1126 2799 Nec
1146 2734 1247 2800 sane
1238 2759 1272 2801 ιιι

230 2836 449 2925 Scriptoribus
474 2837 538 2902 hoc
564 2836 736 2923 imperium
759 2835 849 2901 valde
873 2835 1063 2901 celebratur.
1108 2840 1274 2904 Memorat

231 2939 348 3004 Strabo
362 2940 456 3004 XIV.
471 2961 504 3026 p.
520 2954 595 3026 952.
611 2941 649 3005 B.
695 2938 775 3004 Inde
789 2937 993 3005 Proverbium
1008 2939 1128 3005 fluxisse
1142 2939 1275 3020 dicitur,

231 3039 381 3127 frequens
395 3038 476 3104 illud
489 3041 536 3103 τὸν
551 3048 693 3122 κολοφῶνα
706 3042 851 3105 induistus
875 3039 915 3104 de
931 3063 997 3126 quo
1011 3040 1179 3107 videantur
1197 3043 1273 3108 Par·

232 3139 459 3227 oemiographi,
474 3155 507 3205 et
524 3139 665 3205 Platonis
680 3140 862 3221 ‚Scholiasta
877 3162 909 3226 p.
923 3142 975 3206 18.
995 3141 1036 3207 ad
1051 3164 1148 3229 quem
1163 3142 1274 3207 locum

232 3252 386 3304 annotata
414 3241 600 3326 Ruhnkenii
625 3240 727 3307 edidit
753 3241 914 3306 Heusdius
942 3243 1045 3308 noster
1070 3242 1102 3308 in
1130 3242 1274 3329 Specim.

234 3339 359 3406 Platon.
376 3343 403 3406 1.
418 3364 452 3428 p.
468 3363 524 3430 33.

247 3465 248 3470 ’
274 3462 351 3531 334.
370 3444 410 3509 C.
432 3445 615 3534 Μιθριδάτην]
642 3446 752 3535 Magis
773 3447 922 3527 oratorie,
938 3469 1036 3534 quam
1051 3469 1122 3512 vere
1136 3447 1275 3530 dictum,

232 3544 471 3628 Mithridatem,
497 3561 644 3635 tempore
669 3548 751 3637 Belli
778 3549 916 3630 Marsici,
945 3548 1047 3636 ipsum
1076 3564 1274 3638 occupatum

232 3647 323 3713 fuisse
344 3648 436 3714 bellis
461 3650 647 3715 Sarmaticis
669 3665 702 3716 et
724 3651 930 3730 Bastamicis;
961 3651 1078 3739 quippe
1104 3652 1138 3717 bi
1162 3654 1277 3740 populi

232 3749 357 3817 dudum
377 3752 524 3818 antesin
547 3752 617 3842 ejus
639 3753 794 3819 ditionem
819 3770 983 3835 venerant,
1003 3756 1097 3843 eique
1119 3755 1221 3821 dediti
1242 3743 1289 3823 et.

233 3852 342 3919 fideles
365 3871 468 3937 erant,
491 3879 593 3944 quum
612 3856 682 3946 jam
708 3879 758 3923 res
785 3857 868 3922 inter
890 3856 963 3923 eu'm
986 3858 1212 3946 Romanosque
1235 3858 1279 3923 ed

233 3977 323 4021 erma
336 3958 506 4044 spectabat.
539 3960 590 4025 lta
604 3959 791 4047 colligimus
805 3982 844 4025 ex
860 3960 1011 4048 Appiano
1025 3959 1210 4027 Mithridat.
1224 3981 1278 4047 15.

233 4057 309 4123 Vol.
324 4059 351 4123 1.
368 4079 399 4145 p.
416 4062 491 4127 661.
529 4060 682 4127 Vaillant.
700 4063 804 4150 Regu.
820 4061 1044 4128 Achaemenid.
1062 4084 1095 4150 p.
1111 4066 1165 4148 67.

98 4165 105 4177 '
275 4179 352 4246 324.
367 4163 408 4226 D.
424 4167 510 4227 Μετὰ
523 4167 572 4244 τὴν
586 4167 625 4229 ἐπ’
638 4161 871 4251 ’wip-325.
882 4165 943 4250 Ι).]
959 4167 1080 4231 Totum
1096 4165 1159 4231 hoc
1175 4186 1278 4254 argu·

196 4260 199 4265 ’
232 4277 381 4329 mentum
403 4264 548 4332 historice
570 4266 675 4356 magis
696 4266 850 4352 explicuit
870 4267 901 4332 in
922 4267 998 4333 Vita
1019 4266 1147 4335 Camilli
1166 4291 1200 4356 p.
1214 4286 1276 4351 141
