2714 4770
152 363 208 423 2⁶8
299 361 339 420 D.
361 361 409 420 W.
431 362 628 422 ANIMADV.
649 363 695 423 ΙΝ
716 364 951 424 PLUTARCHI
972 364 1058 424 LlB.

149 521 205 588 lem
223 546 341 587 numero
359 521 496 601 ambitus,
511 522 663 587 minimum
679 536 776 588 tamen
790 524 929 588 dicendus
943 522 982 610 est
994 525 1043 589 ad
1055 525 1144 588 hane·
1156 547 1204 589 re·

36 683 39 687 .
150 623 237 688 medii
250 620 461 711 salubritatem
486 621 627 709 tuffam,
641 625 704 710 sed
720 622 861 711 plurimae
886 623 1096 688 adhibitorum
1120 637 1202 712 pae-

27 791 30 798 ,
148 727 232 804 tiam,
246 727 421 790 aromaticas
435 726 600 789 habentium
614 727 693 790 uires
701 751 714 803 ς
736 725 848 790 dulcem
863 726 1092 816 enimspiritum
1108 741 1140 792 et
1153 727 1200 792 be·

147 827 273 916 nigmom
294 825 505 907 exhalationem
526 827 714 892 emittunt-.
758 829 812 893 De
831 832 967 893 numero'
983 828 1037 908 16,
1053 827 1200 895 diximus

148 952 181 1018 p.
192 933 269 1016 367.
290 932 325 994 F.
345 943 378 995 et
398 929 477 1017 quid
498 928 578 994 illud
599 930 646 1010 fit,
662 929 750 1017 quod
764 934 813 1010 τὴν
825 930 984 1017 περίμετρον
998 928 1063 1008 ἴσην
1079 931 1200 1019 ixioni}

146 1032 260 1121 χορίρν
277 1055 352 1098 nam
362 1054 386 1113 4
398 1031 649 1119 multiplicatum
664 1057 721 1121 per
733 1054 767 1116 4,
783 1034 826 1098 est
843 1036 897 1099 1'6:
914 1046 948 1098 et
962 1055 984 1115 4
998 1031 1122 1122 quater
1136 1056 1195 1122 po·

149 1136 243 1202 fitum
262 1136 339 1201 item
358 1137 401 1200 est
417 1136 469 1200 16.
485 1136 488 1141 ’
515 1136 612 1200 Porro
632 1135 751 1201 dicitur
768 1136 860 1211 ἰσάκις
879 1135 947 1216 ἰ’σος,
964 1136 1134 1225 aqualiter
1152 1162 1196 1200 α-

150 1238 308 1328 qualis,'i.
328 1261 358 1302 e.
378 1251 432 1324 per
446 1238 485 1325 se
508 1238 567 1325 ipse
589 1237 814 1325 multiplicatus,
837 1241 1027 1328 quadratus:
1049 1237 1197 1307 videatur

149 1341 262 1407 Theon
280 1339 360 1406 Plat.
377 1340 539 1405 Mathem.
557 1339 618 1404 XI.
638 1361 670 1426 p.
684 1342 739 1426 38.
782 1342 934 1430 Denique
955 1342 998 1407 est
1022 1344 1196 1431 τετράγωνος

149 1444 204 1508 ἀπὸ
215 1442 401 1530 τετραγώνου,
416 1443 582 1530 quadratus
597 1466 633 1506 εν
647 1442 805 1529 quadrato,
819 1467 891 1508 nam
907 1445 1010 1530 oritur
1027 1447 1067 1510 16
1082 1445 1196 1511 multi·
1227 1516 1230 1529 ¹

149 1546 297 1635 plicando
321 1567 378 1633 per
398 1545 430 1609 se
454 1544 556 1632 ipsum
579 1567 764 1626 numero4,
787 1547 844 1633 qui
864 1546 929 1635 ipse
951 1548 995 1612 est
1016 1547 1194 1635 quadratus

63 1634 66 1645 ¹
150 1647 406 1727 exbisduobuo‚
422 1665 541 1716 2x2=
545 1667 578 1729 4

191 1753 269 1840 383.
273 1753 320 1815 F.
339 1749 420 1825 λείως
442 1750 491 1814 καί
512 1758 649 1836 προσηνῶς
669 1750 866 1833 ῶτνοῶται-]
888 1751 966 1816 Duo
988 1751 1098 1838 priora
1113 1752 1194 1840 jun.

149 1867 275 1945 guntur
287 1852 372 1919 Λᾶν.
387 1852 519 1939 Epicur.
535 1873 568 1939 p.
579 1854 674 1936 1087.
689 1854 737 1917 E:
758 1852 851 1935 ὅσμαν
864 1854 913 1916 καί
925 1862 1027 1940 χυμῶν
1039 1858 1082 1943 τοὶΙ
1093 1858 1194 1935 ἥδιστε

149 1955 341 2045 προσαγαγὼν
357 1956 482 2038 σῶματι,
503 1959 600 2042 μικρὸν
615 1956 733 2043 εύρῆσεις
748 1954 854 2042 χωρίον
873 1960 899 2020 le
920 1961 996 2043 αὐτῷ
1013 1958 1196 2022 παντάπασιν

147 2062 180 2126 τί
203 2058 354 2142 κινούμενον
374 2057 454 2134 λείας
475 2059 524 2121 καί
544 2067 694 2144 προσηνῶς.
739 2059 873 2124 Seorfim
892 2081 925 2146 p.
936 2075 992 2145 55.
1007 2062 1053 2125 A.
1077 2077 1136 2146 74.
1152 2062 1194 2127 D.

152 2185 225 2231 100.
242 2163 287 2226 D.
325 2161 489 2225 Caeterum
510 2152 647 2246 probo
634 2168 715 2224 οπνοῦ
736 2186 767 2225 τι
788 2167 897 2249 κρᾶσιν,
919 2164 1086 2251 temperiem
1096 2164 1198 2252 somni

148 2265 369 2330 conciliatricem
390 2263 516 2352 accipit:
539 2263 616 2328 licet
640 2264 770 2328 verbum
790 2264 934 2371 mittat
955 2264 1032 2329 alibi
1052 2265 1196 2354 probum

150 2368 230 2433 fito
246 2388 276 2432 c
300 2368 374 2451 236
390 2366 429 2429 Β
452 2364 521 2430 Vit.
538 2366 612 2448 706
628 2366 669 2428 E

191 2469 267 2556 383.
282 2467 318 2533 F.
340 2493 380 2529 τοι
365 2475 395 2528 ’ν
415 2467 594 2551 μεθημερινῶν
615 2465 840 2553 φροντίδων-α
821 2467 957 2556 ἅμματα]
982 2470 1061 2534 Est
1053 2470 1199 2540 imitatio

151 2569 309 2640 Pindmiei
322 2568 440 2649 diui,
426 2591 494 2656 Jam
516 2568 653 2634 adhibiti
670 2569 840 2636 Plutarcho
855 2594 888 2658 p.
902 2574 954 2636 68.
968 2572 1017 2636 D:
1040 2578 1084 2659 τῷ
1096 2575 1199 2664 Λοσίιρ

150 2679 210 2764 θεῷ,
225 2676 273 2739 καί
295 2673 385 2738 λύοντι
401 2673 433 2737 τὸ
448 2680 501 2736 τῶν
517 2671 653 2759 δυσρίραιν
667 2673 789 2759 σχοινίον
804 2676 851 2737 καί
866 2683 1012 2760 μεριμνῶν,
1025 2681 1106 2740 κοντοὶ
1121 2679 1198 2742 Πίν-

149 2782 239 2868 δαρον.
285 2774 447 2840 Plutarchi
464 2774 639 2839 dillionem
653 2775 792 2862 geminae
807 2775 948 2864 ejusdem
964 2776 1101 2843 dittioni
1123 2804 1201 2847 cor·

31 2940 33 2945 .
149 2879 292 2970 rigendae
314 2877 521 2944 adhibuimus
543 2876 575 2942 in
600 2881 794 2966 Fragmento
819 2881 870 2944 De
897 2881 1016 2944 Anima
1039 2881 1135 2948 edito
1159 2883 1202 2950 ad

150 2987 271 3055 calcem
286 2983 359 3049 libri
377 2984 429 3048 De
448 2983 517 3048 Ser.
539 2984 641 3046 Num.
657 2980 756 3046 Vind.
772 3004 805 3069 p.
821 3003 893 3069 143.
914 2982 1066 3048 editionis
1082 2989 1204 3054 nostrae

151 3093 237 3178 opp.
253 3089 341 3152 Mor.
356 3087 395 3151 T.
409 3086 453 3149 V.
469 3086 598 3171 Fragm.
613 3085 674 3151 Vl.
693 3088 722 3169 ξ.
737 3106 771 3170 3.
792 3085 848 3149 nbi
863 3084 904 3149 de
920 3085 1032 3151 somno
1046 3087 1131 3154 item
1148 3091 1204 3156 di-

150 3194 245 3272 citur,
262 3189 471 3272 ὄῶεσμός-ἔνδ
457 3186 612 3250 δίδωσιν
564 3214 612 3252 και
625 3214 673 3273 χα
653 3194 761 3251 αλῶται
776 3188 824 3250 καί
838 3187 967 3273 γίγνεται
980 3191 1109 3271 μαλακιῶ
1111 3218 1206 3278 τερος,

149 3294 240 3359 eloe
222 3289 361 3375 αμμῖιτονν
383 3287 482 3370 aptoni
483 3314 543 3365 νονν,
563 3295 656 3352 τῶνα
637 3289 787 3367 αἰσθήσεων
808 3291 1023 3406 παραλυομένων
1044 3293 1096 3355 nal
1116 3305 1205 3382 προῖ-

151 3394 251 3479 ςμίναν
264 3394 313 3471 τὴν
326 3391 432 3478 aeglea
447 3398 531 3471 σῶμα
544 3395 591 3466 τῆς
609 3390 737 3475 doxis*
723 3413 840 3455 εντασιν·
864 3392 886 3455 i.
903 3414 932 3455 e.
956 3393 988 3456 in
998 3394 1137 3480 stimmo
1129 3399 1209 3462 vin.

149 3495 246 3562 culum
268 3491 362 3558 animi
383 3503 411 3555 et
433 3491 554 3578 corporis
563 3492 603 3579 se
623 3492 747 3555 remittit
770 3505 798 3555 et
821 3493 946 3556 laxatur
958 3492 1062 3582 fitque
1087 3495 1208 3583 lenius,

148 3592 434 3684 velutifunibussttl
433 3595 490 3658 uiis
505 3618 596 3673 nexu,
604 3594 815 3681 ſsesenfibusl
813 3597 926 3674 anatis,
938 3608 965 3658 et
979 3595 1208 3668 remittentibus

150 3700 244 3766 animi
256 3700 288 3763 in
301 3712 413 3786 corpore
427 3697 621 3762 intentionem.
644 3699 688 3761 Et
702 3697 885 3784 hujusmodi
898 3714 1207 3785 temperamentum

148 3803 190 3869 ad
211 3802 405 3868 somniorum
430 3799 657 3866 divinationem
681 3799 785 3865 valet:
817 3801 935 3866 Solutus
958 3802 1033 3866 enim
1055 3806 1210 3890 corporeis

148 3904 271 3969 nexibus
285 3905 400 3968 animus
404 3904 521 3992 semper
533 3903 640 3989 uigens
655 3904 779 3968 motibus
793 3901 951 3991 indefeffis,
967 3915 995 3966 et
1008 3903 1210 3991 cogitationi.

151 4007 201 4070 bos
212 4005 356 4092 suffodio
378 4005 456 4093 (leg.
471 4004 600 4092 alp'eblis)
622 4017 650 4068 et
664 4006 741 4069 curis
755 4032 824 4095 quae
843 4004 1010 4070 mortalium
1020 4005 1211 4091 stollieitaut

148 4118 268 4185 mentes,
283 4105 393 4193 colligit
406 4107 471 4194 visa
493 4114 649 4184 notlurna,
664 4131 736 4192 quas
752 4106 907 4188 φαντασίας
921 4130 971 4170 nos
985 4105 1209 4194 appellamus.-

149 4207 255 4295 inquit
276 4207 469 4273 Ammianus
491 4209 702 4275 Marcellinus
720 4211 813 4274 XIV.
835 4235 868 4298 p.
886 4231 937 4298 29.
954 4224 987 4275 et
1003 4209 1120 4275 fimilia
1144 4214 1211 4281 Ci-

149 4333 224 4376 cero
245 4309 355 4376 Divin.
378 4313 405 4376 l.
420 4330 474 4396 30.
496 4334 593 4398 quem
608 4311 810 4378 laudavimus
823 4314 855 4379 in
870 4312 1043 4400 conjunlta
1057 4319 1208 4386 materia
