2714 4770
139 401 142 410 ·
248 373 299 456 66
366 374 437 431 Ι).
458 319 507 428 W.
528 359 724 430 ANIMADV.
746 360 1045 429 IN'PLUTARCHI
1066 365 1148 427 LIB.

260 531 392 599 rendam
414 530 564 596 duximus
580 529 819 616 Μιξαρχαγὲτας·
841 528 918 593 licet
933 549 992 593 nec
1007 527 1072 613 ipsa
1086 524 1294 592 confirmetur

185 637 187 641 ’
261 633 457 699 acodicibus
473 632 603 712 nostris3
619 632 772 718 siquidem
785 635 824 712 E,
841 634 887 711 H,
903 629 990 698 voff.
1005 630 1083 694 dant
1097 625 1293 713 Μιξαργεάας.

263 737 330 800 Pet.
345 737 463 816 Venet.
478 733 692 820 Μιξαργεάσας.
738 734 780 797 Et
794 730 959 821 Xylander
972 727 1205 816 Μιξαρχαγέτας
1220 747 1293 813 pro·

261 835 359 916 bavit,
376 835 602 922 interpretem,
619 836 703 923 quast
719 833 835 921 inquit,
856 832 1021 898 semideum
1035 831 1157 911 diceres,
1169 827 1293 916 gentili·

262 939 334 1005 eatis
347 939 482 1027 Argiva
501 946 659 1020 auderem,
673 961 730 1003 non
744 950 843 1004 tamen
854 938 998 1004 coelitem.-
1019 935 1186 1024 ἀρχαγίτης
1200 934 1227 998 is
1240 932 1294 1019 ‘sti

262 1044 331 1108 binc
352 1042 462 1133 Apollo
483 1043 664 1130 Archegetes
680 1044 764 1130 apud
781 1041 970 1130 Pausaniam
986 1040 1018 1104 ιἰι
1039 1037 1149 1103 Atticis
1171 1038 1294 1120 (I.'42.)

208 1198 211 1204 .
263 1145 317 1210 Sic
343 1136 436 1232 ήρωις,
456 1147 496 1221 ὀίς
521 1143 629 1210 ίκάλενι
650 1144 730 1226 olm,
752 1143 912 1233 ἀρχηγέται
935 1139 1104 1207 Πλαταιίαν
1128 1137 1200 1217 ἦσαν
1225 1137 1295 1203 Plu·
1332 1140 1336 1148 ’

221 1254 222 1257 ’
250 1246 394 1312 ’1111911113
405 1247 438 1312 in
449 1246 586 1312 Aristide
598 1267 634 1333 p.
649 1262 725 1334 325.
743 1244 784 1310 C.
807 1244 950 1332 Sapient.
969 1243 1104 1310 Conviv.
1119 1263 1154 1328 p.
1172 1242 1246 1326 163.
1259 1239 1297 1304 Β.

164 1336 167 1355 ⁸
266 1348 401 1436 Phyntis
426 1371 479 1436 ap.
507 1349 599 1414 Stob.
626 1370 660 1436 p.
685 1368 770 1434 445:
802 1352 842 1433 τῷ
865 1346 1021 1435 ἀρχαγέτᾳ
1045 1347 1093 1431 θεῷ
1117 1349 1169 1418 τάς
1191 1342 1296 1416 πόλιος.

264 1448 418 1539 Anssides
436 1452 475 1515 T.
495 1451 524 1514 I.
542 1473 576 1537 p.
595 1450 648 1537 85.
671 1451 731 1516 bis.
754 1466 827 1536 237,
848 1450 922 1531 264,
944 1450 1018 1535 269,
1041 1463 1209 1533 ν7ο,4ο5,
1222 1446 1298 1526 464,

252 1591 258 1600 -
265 1552 341 1637 568,
356 1552 433 1636 589.
451 1552 491 1618 Τ.
508 1553 554 1617 ΙΙ.
571 1573 604 1638 p.
622 1567 695 1636 172,
714 1569 786 1636 177.

309 1656 385 1742 ο96.
406 1658 441 1720 F.
461 1654 529 1740 κδ’.]
554 1658 596 1721 Et
617 1655 681 1721 hoe
700 1653 868 1741 lingulare,
891 1675 951 1718 nec
970 1650 1100 1716 aliunde
1120 1649 1300 1737 appofitum

266 1780 286 1823 a
303 1756 471 1844 Stephano
491 1757 586 1824 Thes.
605 1761 645 1823 L.
663 1760 725 1848 Gr.
744 1756 849 1822 Indic.
864 1778 898 1844 p.
914 1757 997 1841 8052
1021 1776 1081 1820 nec
1097 1753 1239 1818 nominis
1252 1774 1301 1816 re·

267 1857 391 1924 tionem
417 1858 491 1925 satis
512 1859 710 1925 manifestam
731 1859 841 1925 habet.
866 1861 935 1923 Pet.
955 1857 1013 1922 dat
1032 1855 1193 1943 άγκνισμα.
1216 1853 1301 1919 Vols.

267 1959 409 2048 άγνισμα,
425 1961 503 2028 item
518 1962 551 2027 in
567 1961 713 2050 margine
728 1961 849 2048 ἔγνισμα
863 1972 896 2026 et
909 1958 1049 2046 άγνισμα.
1158 2000 1161 2004 -
1282 1967 1284 1970 “

314 2081 387 2150 297.
409 2065 452 2129 A.
475 2063 540 2151 1ιεί]
573 2063 763 2147 Παλαμναίου
788 2063 912 2129 notatio
932 2061 1041 2127 omilla
1063 2061 1117 2125 est.
1162 2061 1247 2124 Haec
1271 2081 1304 2123 re

269 2167 337 2252 ipsa
352 2165 455 2230 verius
466 2165 595 2231 ducitur
606 2189 624 2230 a
635 2169 792 2249 παλαμνὸς,
803 2165 925 2250 astutus,
940 2163 1040 2250 vafer,
1053 2178 1193 2251 pugnax,
1209 2183 1230 2226 a
1242 2155 1306 2247 qu'o

270 2267 314 2332 est
331 2267 495 2349 ἀπάλαμνος
501 2292 511 2347 ;
534 2289 729 2355 quamquam
750 2269 825 2332 usus
844 2265 947 2353 magis
967 2265 1120 2352 congruit
1137 2284 1216 2329 cum
1237 2258 1306 2326 vul·

124 2421 129 2433 .
256 2368 341 2463 *gari
359 2369 557 2458 etymologia
575 2392 615 2435 ex
633 2370 750 2445 παλαιάς
769 2383 803 2434 et
819 2369 921 2451 μνήμη,
935 2367 1027 2450 μνεία,
1041 2365 1170 2448 μίασμα,
1189 2365 1306 2446 μήνιμα,

126 2515 140 2542 x
158 2512 166 2519 -
261 2470 393 2558 sceleri&
409 2472 598 2559 contagionis,
614 2473 730 2559 qusque
743 2471 795 2537 vel
810 2471 935 2536 οιιᾶοτὶο
947 2469 1000 2534 vel
1009 2467 1309 2559 vindieisadiutum

272 2572 409 2636 mensoria
420 2574 583 2660 servandi,
605 2587 632 2638 et
653 2574 791 2639 vindilla
812 2572 920 2637 divina
942 2566 1310 2658 expimtdishujusmodi

273 2688 361 2740 certe
383 2674 531 2740 notiones
551 2674 584 2739 in
604 2674 749 2740 vocabuli
770 2676 830 2739 usu
848 2687 1038 2740 cernuntur:
1059 2669 1238 2758 dequibus
1252 2692 1310 2734 no·

240 2822 243 2827 ,
273 2776 409 2841 lavimus
432 2775 473 2841 ad
498 2776 616 2841 librum
641 2778 693 2863 De
717 2776 881 2863 Superstit.
910 2797 943 2862 p.
974 2790 1046 2858 170.
1072 2772 1112 2836 B.
1156 2772 1310 2858 Ἀλάστωρ

199 2919 202 2928 ‚
274 2877 365 2944 fimili
387 2879 519 2944 notione
541 2871 722 2967 usurpa'tur,
746 2890 855 2943 ortum
878 2878 918 2943 ab
939 2872 1232 2955 άλαστις,·άλησεος,
1254 2895 1312 2938 παπ

273 2981 496 3068 obliviscendus,
509 2967 704 3068 quemquam
723 2980 845 3045 variant
857 2980 891 3045 in
908 2978 976 3067 ejus
996 2979 1120 3066 origine
1138 2977 1228 3042 dooi
1249 2977 1311 3041 ho·

275 3083 378 3147 mines
396 3107 478 3170 quos
496 3083 606 3149 laudat
625 3084 841 3172 Etymologus
860 3085 910 3148 M.
931 3084 963 3147 in
978 3085 1080 3149 Voce.
1119 3080 1314 3147 Plutamhus

276 3184 330 3248 fibi
353 3186 473 3249 constat
494 3185 526 3249 in
550 3185 677 3250 Dese&
696 3185 794 3250 Orac.
810 3207 842 3271 p.
856 3186 932 3266 418.
946 3187 994 3250 B:
1017 3183 1147 3271 ἄνθρωποι
1169 3183 1314 3266 μηνίματα

276 3284 407 3368 δαιμόνων
421 3286 616 3370 ἀφοσιούμενοι
639 3284 878 3370 καίπραάνοντες,
889 3285 1124 3372 ὀἀςάλάστορας
1143 3289 1191 3349 καί
1210 3299 1312 3349 cm·

276 3386 388 3471 μναίονς
409 3388 597 3473 ὀνομάζουσιν,
620 3392 655 3464 ὥς
681 3390 810 3468 ἀλήστων
831 3398 909 3454 τινῶν
932 3390 980 3452 καί
1003 3397 1132 3452 παλαιῶν
1152 3388 1314 3471 μηνιμάτων

264 3494 395 3575 μνήμαις
417 3489 573 3570 ἔπεξιάντες.
605 3491 657 3557 Sic
671 3493 800 3580 usurpat
814 3491 932 3557 ibidem
948 3513 981 3579 p.
997 3509 1072 3575 417.
1085 3493 1130 3555 D.
1158 3489 1314 3557 Gaffulit.

276 3617 310 3683 p.
325 3612 401 3681 509.
416 3595 455 3658 B.
490 3594 664 3660 Coriolano
683 3609 786 3660 mater
800 3593 919 3682 objecit
934 3616 966 3681 p.
984 3614 1057 3680 231.
1077 3595 1124 3659 B:
1146 3597 1191 3658 σοί
1209 3602 1316 3660 νικῶντι

276 3700 327 3781 μὲν
352 3698 491 3783 ἀλάστορι
512 3702 560 3774 τῆς
581 3696 711 3784 πατρίδος
731 3697 797 3760 είναι
819 3697 965 3783 περίεστιν.
1007 3698 1115 3762 Mario
1129 3719 1163 3784 p.
1176 3717 1255 3785 409.
1271 3700 1316 3764 D.

278 3801 345 3888 qui,
359 3822 459 3890 quum
480 3797 654 3864 Metelluni
669 3798 838 3863 induxiffet
851 3797 893 3864 ad
907 3797 1190 3864 condemnandum
1207 3799 1316 3885 hospi-

278 3914 357 3985 tem,
377 3907 427 3967 οὐκ
448 3902 585 3990 ήσχάνετο
607 3900 700 3988 λέγειν
717 3900 837 3987 περιϊάν,
857 3904 893 3977 ὥς
911 3904 993 3976 αάτός
1013 3901 1050 3980 εἴη
1070 3903 1319 3989 προστετριμμένος

278 3991 428 4095 ἀλάστορα
446 4010 486 4092 τῷ
507 4004 649 4090 Μετέλλῳ
670 4004 849 4083 ξενοκτονίας.
893 4004 1048 4070 Cicerone
1067 4025 1100 4090 p.
1117 4004 1191 4088 885.
1203 4005 1247 4069 B.
1263 4004 1320 4091 qui

280 4105 452 4192 desperatis
477 4111 585 4187 τοίνυν,
612 4109 755 4192 παρελθεῖν
772 4110 818 4180 ἐίς
844 4109 891 4181 τὴν
920 4104 1065 4192 Καίσαρος
1092 4102 1179 4168 οἰκίαν
1207 4105 1319 4184 διενοήθη

279 4210 382 4295 κράρα,
403 4211 449 4272 καί
468 4211 579 4292 σφάξας
597 4213 692 4273 ἑαυτὸν
711 4210 753 4272 ἐπί
774 4214 821 4285 τῆς
843 4208 949 4287 ἑστίας,
972 4207 1121 4294 ἀλάστορα
1138 4209 1320 4295 προσβαλεῖν·

279 4309 301 4375 i.
318 4331 347 4375 e.
368 4311 549 4397 conscientiae
570 4311 663 4376 labem
684 4335 719 4374 ac
728 4309 853 4397 sceleris
872 4309 1030 4377 vindicem.
1068 4310 1164 4376 Varie
1183 4310 1230 4397 uli
1245 4308 1321 4375 sunt
