2714 4770
292 377 304 404 .«
328 361 564 423 canutam
585 364 733 423 onnon
751 365 803 423 nr
823 363 1020 425 nouauit.
1059 441 1062 449 ‚
1141 385 1185 446 -79

148 521 355 586 tarcheorum
375 521 530 586 diversum
551 525 739 610 agnoscens,
753 545 853 610 eaque
869 525 1041 591 Plutarcho
1055 526 1184 614 abjudi-

149 646 230 690 cans
251 638 285 689 et
306 625 348 689 ad
374 624 552 690 Christiana
578 639 724 714 tempora
748 627 903 716 rejiciens,
928 641 1035 693 tamen
1058 630 1187 696 molesta

150 728 366 815 'disputatione
391 728 579 814 persuadere
597 729 788 809 connititur,
803 753 841 795 ea
856 722 1015 797 Plutarchi
1030 753 1111 818 opus
1126 734 1186 799 else

150 831 249 917 posse.
292 830 397 895 Nobis
411 829 554 917 quidem,
569 844 603 896 et
615 832 756 918 quisquis
771 831 818 897 vel
836 832 1002 918 paululum
1017 837 1188 901 consuetu-

113 922 115 930 ’
151 933 236 998 dinis
257 932 357 998 habet
375 933 527 998 orationis
548 933 719 1021 generibus
737 933 896 1012 notandis,
912 948 1047 1021 uterque
1061 937 1187 1003 libellus

152 1058 192 1101 ex
217 1035 329 1100 eadem
353 1032 403 1099 val
428 1047 567 1122 cognata
591 1033 711 1099 fraudia
735 1034 863 1099 officina
885 1034 1030 1120 prodiisse
1052 1035 1187 1117 videtur,

152 1148 189 1201 et
209 1125 372 1221 utriusque
387 1152 410 1199 'a
426 1157 583 1222 germano
606 1157 724 1224 genere
748 1134 938 1200 Plutarcheo
959 1135 1127 1217 diversitas,
1151 1152 1189 1203 ut

153 1250 261 1315 antea,
280 1235 327 1300 ita
345 1248 488 1301 nuncet
509 1238 644 1323 semper,
665 1236 830 1301 manifesta
846 1237 887 1301 ad
901 1238 1045 1302 animum
1060 1239 1188 1305 accidit.
1275 1231 1279 1240 ’
1313 1263 1319 1269 ·

154 1339 272 1422 Neque
289 1337 393 1402 verost
415 1337 605 1404 Plutarchus
619 1338 737 1426 scripsit
751 1340 809 1424 περὶ
823 1337 982 1426 παριιμέιης
1003 1337 1136 1424 ἱστορίας,
1153 1354 1191 1405 ut

152 1438 272 1526 legitur
284 1442 317 1503 in
330 1439 489 1528 catalogo
499 1441 657 1528 Iampriae
668 1440 808 1527 exempli
823 1441 940 1506 Veneti
952 1445 1055 1507 Num.
1065 1444 1187 1508 XLIX.

153 1539 242 1628 quod
264 1540 296 1605 in
318 1539 405 1607 edito
427 1540 513 1629 apud
535 1542 715 1608 Fabricium
736 1542 774 1606 B.
794 1542 838 1607 G.
860 1543 923 1607 111.
940 1563 973 1628 p.
985 1543 1064 1629 33⁶·
1077 1543 1189 1607 Num.

154 1644 232 1709 Lll.
245 1643 352 1708 minue
367 1645 466 1730 probe
480 1644 601 1732 legitur
613 1645 673 1731 περὶ
687 1644 860 1732 παρειμένον,
872 1665 948 1709 cum
960 1645 1045 1709 varia
1052 1643 1190 1713 lectione

152 1745 368 1835 παρακειμένου,
381 1746 591 1835 redditurque
603 1748 641 1812 de
654 1748 700 1811 bis
715 1770 781 1836 quae
792 1745 919 1834 historia
931 1748 1090 1836 adjacenti
1112 1770 1192 1836 ergo

154 1849 310 1936 scripserit
330 1850 391 1938 arpi
412 1840 572 1935 παρειμένηξ
588 1849 727 1935 Ἱστορίας,
748 1849 785 1914 dc
808 1848 927 1935 historio
948 1848 1043 1937 vulgo
1062 1862 1191 1938 prater·

156 1951 252 2039 mista,
276 1950 398 2016 nullam
420 1963 528 2015 tamen
549 1951 655 2037 operis
677 1963 801 2037 purtem
821 1950 943 2036 aliquid
957 1951 1194 2033 communionis

157 2075 235 2117 oum
248 2052 547 2118 hoc-Parallelomm
560 2052 642 2116 foetu
652 2051 791 2117 habuisse
803 2063 928 2138 putem.
959 2053 1075 2140 Neque
1086 2065 1193 2118 tamen

130 2194 135 2201 -
158 2154 263 2240 ipsum
274 2144 455 2233 consilium,
471 2151 670 2218 historiarum
689 2152 777 2239 paria
789 2150 1015 2239 componendi,
1030 2154 1196 2240 apersona

159 2254 320 2343 scriptoris
334 2254 485 2319 Vitarum
501 2253 724 2320 Parallelarum
741 2254 892 2319 abhorret
902 2278 910 2319 ε
920 2299 922 2304 ¹
933 2253 1011 2342 quin
1026 2254 1095 2343 ejus
1109 2255 1196 2321 tituli
1217 2265 1222 2275 ’

157 2357 388 2425 communione
406 2369 441 2421 et
458 2356 739 2422 commendatione
757 2356 885 2421 libellus
901 2356 933 2420 in
950 2356 1114 2423 Plutarchi
1133 2382 1195 2423 no·

159 2484 234 2526 men
255 2459 305 2527 vel
326 2462 367 2526 ab
388 2460 503 2547 opitice
521 2462 577 2526 suo
595 2460 831 2540 transferretur,
847 2459 898 2525 vel
911 2461 1107 2547 posterorum
1122 2460 1195 2548 opi-

160 2564 257 2630 nione
285 2563 398 2629 abiret.
442 2561 547 2628 Simili
571 2576 764 2652 argumento
785 2574 819 2627 et
840 2561 985 2627 instituto
1007 2562 1197 2650 scripserunt

150 2665 280 2750 ‘Ouarar
304 2664 405 2730 veluti
417 2665 619 2750 Myronionus
638 2664 759 2730 citante
773 2664 923 2752 Diogene
936 2663 1064 2730 Laertio
1079 2665 1108 2728 1.
1124 2681 1195 2752 115.

158 2769 216 2834 ubi
230 2768 375 2833 videatur
391 2767 430 2839 ls.
446 2767 669 2832 casaubonus:
691 2766 770 2831 item
786 2767 849 2830 lll.
863 2784 922 2847 40:
944 2764 1085 2851 pleniore
1100 2767 1197 2832 titulo

161 2875 241 2956 turgt
253 2870 274 2933 oi
288 2878 341 2933 τῶν
356 2877 497 2953 ἱστορικῶν
512 2868 609 2952 lucinia
622 2867 791 2952 κεφαλαίων,
807 2870 866 2934 IV.
886 2886 937 2949 14.
959 2869 1002 2933 V.
1017 2870 1073 2953 36.
1105 2870 1198 2956 Speu-

150 2975 268 3061 stppus,
283 2984 318 3037 et
331 2969 462 3058 Ariston,
478 2971 519 3036 de
533 2971 649 3058 quibus
671 2970 793 3035 notavit
812 2969 975 3035 Fabricius
988 2972 1028 3035 B.
1043 2970 1087 3065 G.
1104 2972 1198 3057 lup.

118 3129 121 3133 ,
163 3077 205 3140 66
216 3088 250 3139 et
261 3074 334 3142 280.
362 3072 469 3137 Aliam
483 3072 724 3161 inscriptionem
737 3070 853 3153 hprum
869 3071 1094 3138 Parallelorum
1108 3072 1198 3147 exhi÷

162 3179 241 3243 bent
254 3179 330 3243 Jun.
351 3187 386 3240 et
402 3174 522 3241 Collat.
538 3177 661 3240 Muret.
682 3174 843 3261 Συναγωγῆ
858 3180 992 3262 ἱστοριῶν.
1036 3175 1200 3262 Amyotus

162 3279 247 3344 hanc
266 3276 520 3343 admonitionem
544 3275 710 3364 praemilit:
736 3279 816 3341 “En
835 3275 867 3340 la
890 3295 1002 3364 merge
1024 3274 1103 3340 d'un
1129 3275 1202 3342 vieil

164 3388 187 3422 ‘⁴
202 3381 280 3447 livre
294 3379 422 3444 escrita
436 3378 467 3442 la
482 3377 580 3456 main,
595 3401 648 3443 ces
664 3376 788 3464 paroles
805 3379 972 3466 Grecquea
985 3376 1015 3443 se
1030 3389 1197 3442 truuvente

163 3489 187 3523 “
204 3483 245 3547 Ge
266 3482 344 3547 liure
364 3506 402 3546 ne
409 3482 471 3568 fiet
481 3483 599 3570 junruit
619 3484 656 3544 de
677 3479 857 3570 Plutarque,
880 3480 1009 3549 outbcur
1020 3479 1161 3545 excellent
1174 3493 1202 3543 et
1283 3509 1288 3518 ·

165 3587 333 3671 “savantt
356 3580 431 3649 mais
451 3585 488 3648 de
507 3584 632 3674 quelque
644 3584 791 3670 escrivain
802 3584 997 3673 vulgairmt
1011 3584 1154 3670 ignorant
1166 3582 1204 3646 dc

166 3693 192 3727 “
205 3684 280 3750 l’urt
303 3688 340 3750 dc
365 3688 460 3773 Ροιβι
485 3687 574 3751 etde
599 3686 835 3751 Gramine*
855 3685 983 3752 >Simile
1006 3683 1203 3762 Meziriacuu

164 3789 346 3876 adscripsit:
369 3789 466 3877 saepti
479 3788 606 3878 alicrq'us
619 3802 648 3853 e't
662 3788 771 3855 indo&
783 3789 906 3854 bominis
917 3788 971 3877 ιβ.·
986 3787 1141 3874 indigam,
1151 3787 1203 3874 qui

165 3892 330 3958 Plutarcho
342 3893 503 3957 tribuatur.
538 3896 581 3958 Et
593 3892 731 3958 aliorum
744 3893 865 3958 exstant
878 3891 1013 3971 monita,
1032 3890 1203 3960 Plutarcho

166 3993 441 4083 abjudicantium.
456 4017 486 4058 v
497 4011 527 4059 c
542 3995 637 4061 Voss
617 4018 640 4059 1
654 3996 707 4060 De
721 3993 887 4060 Hrstoucu
900 3995 959 4060 Gr
972 3995 1000 4058 l
1016 4007 1067 4077 17
1058 4015 1114 4079 p.
1129 4013 1201 4062 112.
1326 4019 1330 4028 ’

114 4126 117 4132 ⁴
167 4095 371 4163 Valckenarii
386 4094 557 4161 Diatrib.
548 4119 581 4160 m
596 4095 707 4184 Eutip.
722 4099 851 4183 Fragm
868 4117 901 4182 p
918 4115 970 4177 24
1014 4096 1117 4162 Nam
1123 4096 1203 4160 ube·

167 4197 233 4263 riua
253 4197 399 4285 singulari
417 4196 643 4284 Disputatione
664 4198 729 4263 hoc
747 4197 817 4287 egit
833 4195 886 4262 Cl.
905 4195 1088 4264 Sallieriua
1080 4219 1113 4261 1n
1128 4199 1203 4332 Me·

168 4299 277 4366 moriia
291 4299 396 4366 Acad.
413 4299 559 4388 Inscript.
574 4301 614 4367 Τ.
628 4301 726 4368 VlIl.
997 4344 1001 4351 -
1103 4334 1108 4348 ›
