2714 4770
50 414 52 419 p
160 331 219 406 νος
299 333 339 397 u.
360 332 409 392 w,
429 330 626 407 sumans.
648 332 691 391 ns
713 331 947 392 runrnncur
968 333 1050 392 nra.

156 507 271 580 πλεορον
290 496 366 557 κατὰ
385 491 478 557 πάντα
497 493 601 572 irisan
623 494 672 556 sai
693 492 831 570 οἱτλέτητι
853 491 1046 578 κρατούμενον,
1060 487 1210 578 συγγενίς

26 638 28 644 -
155 598 217 661 im
235 598 298 672 ταῖς
317 596 398 671 θεέαις
417 599 538 684 ψυχαῖς·
561 597 660 686 μέτρον
673 597 731 684 γάρ
746 600 805 660 ἔστι
819 597 867 660 καὶ
879 604 934 660 τῶν
949 594 1079 672 &sirmii
1098 593 1208 672 ἰτέης·

154 695 248 787 ὥσπερ
269 700 317 764 κα)
338 701 370 764 τὸ
392 700 457 764 θεῖον
478 700 585 764 πάντων
603 708 659 764 τῶν
673 698 811 786 δευτέρων.
856 698 1000 787 Apollini
1014 698 1127 763 unitas
1143 695 1207 762 tri·

154 800 285 867 buiturs
308 801 531 868 Nicomachus
544 824 598 889 ap.
618 800 769 890 Photium
784 801 868 866 Cod.
885 801 1122 867 CLXXXVI.
1137 800 1209 864 Te·

157 903 265 969 nulius
280 903 321 969 ad
336 903 512 971 Jamblicbi
525 905 670 970 Arithm.
685 905 816 970 Nicom.
836 926 871 990 p.
889 921 941 986 14.
957 905 1041 990 Not.
1057 903 1114 990 98.
1161 905 1207 968 Et

156 1005 245 1093 quod
268 1006 499 1072 correbtionem
522 1009 671 1086 nostram,
693 1007 807 1085 πλῆθοος
828 1004 966 1087 ἀποφάσει
989 1006 1037 1069 καὶ
1059 1003 1205 1082 οἱπλέητι

154 1113 203 1186 τῇς
223 1107 350 1191 μονάδος,
373 1109 554 1190 confirmat,
577 1108 642 1195 ipse
664 1108 852 1174 Plutarchus
871 1109 923 1173 De
936 1113 981 1170 EI
994 1105 1203 1195 Delphic..p.

155 1228 231 1298 393.
248 1209 293 1275 C:
316 1210 463 1274 Ἀπόλλων
487 1212 538 1294 μέν
564 1213 622 1298 γὰρ
646 1210 699 1274 οῖον
719 1210 877 1298 ἀρνούμενος
899 1213 937 1303 τὰ
960 1211 1069 1288 πολλοὶ,
1094 1213 1146 1275 καὶ
1169 1211 1203 1273 τὸ

124 1327 127 1331 ·
154 1313 254 1390 πλῆθος
274 1313 445 1395 ἀποφάσκων
465 1311 552 1376 ἐστίν.
590 1311 751 1399 Equidem
765 1311 876 1391 mimr‚
893 1310 1059 1377 Platonem
1075 1332 1143 1377 non
1160 1311 1203 1377 ad

154 1412 302 1480 eamdem
320 1413 583 1502 fignificationem
594 1414 741 1481 delatum
756 1415 828 1495 effe,
844 1436 942 1503 quem
957 1412 1200 1501 Apollinis-no·

154 1537 230 1581 men
242 1539 261 1581 a
273 1516 428 1582 TheffaIis
440 1518 545 1581 Ἀπλόι
560 1517 703 1604 usurpari
717 1515 850 1594 diceret,
867 1515 1000 1604 Cratylo
1015 1537 1050 1603 p.
1061 1517 1140 1583 266.
1157 1515 1199 1582 C.

154 1625 233 1696 Δοιὶς
247 1620 327 1685 item
341 1619 545 1686 Nicomacho
567 1621 653 1708 apud
669 1620 822 1686 Photium
837 1619 860 1684 I.
875 1642 905 1684 c.
921 1618 1040 1684 dicitur
1052 1618 1153 1701 τέλμα
1165 1632 1201 1685 ot

153 1722 337 1807 διχοστασίαι.
383 1725 421 1788 In
437 1723 566 1788 ternario
579 1747 598 1789 a
613 1722 834 1812 Pythagoricis
848 1734 887 1788 ut
898 1719 1131 1809 fontejustitiae
1145 1742 1201 1786 oe·

153 1823 289 1905 lobreto,
312 1824 438 1891 accedit
461 1825 702 1914 quodammodo
723 1825 908 1891 Aristoteles
930 1823 1128 1896 Nicomscb.
1153 1824 1199 1888 II.

152 1943 196 2014 5:
218 1931 321 2016 -aspi
339 1933 391 2006 τοὶς
410 1929 522 2018 προέξεις
541 1933 616 1995 ἐστὶν
636 1934 772 2017 ὑπερβολὴ
788 1930 835 1993 καὶ
851 1929 976 2006 ἔλλειψις
990 1930 1038 1992 καὶ
1051 1929 1085 1995 τὸ
1099 1927 1199 2009 μέσον·
1262 1990 1269 1999 ,

14 2109 17 2114 ἴ
153 2033 219 2109 ἡδὶ
241 2036 324 2119 ἁρετὴ
344 2035 404 2120 περὶ
427 2033 498 2113 πάθη
525 2036 572 2099 καὶ
594 2033 705 2118 προέξεις
731 2036 816 2097 ἐστιν·
840 2036 867 2096 έν
891 2031 928 2107 οἶς
950 2038 966 2109 ἡ
988 2032 1039 2114 μέν
1058 2033 1201 2118 ὑπερβολιὶ

116 2180 120 2189 ,
153 2134 357 2222 ἆμαρτοένεται,
377 2138 425 2200 καὶ
446 2143 462 2214 ἡ
480 2137 605 2214 ἔλλειψις
618 2137 754 2222 ψέγεται,
773 2139 805 2202 τὸ
826 2137 855 2199 δέ
874 2135 960 2218 μέσον
978 2137 1129 2198 έταινεῖται
1149 2134 1201 2198 καὶ

153 2239 332 2323 κατορθοῦται
340 2260 392 2287 -·
420 2251 491 2303 tum
519 2239 793 2327 Pythagoreorum
817 2236 991 2303 auetoritas
1011 2236 1203 2304 adhibetur·

153 2340 271 2427 Magn.
299 2339 420 2404 MoraI.
450 2341 478 2404 Ι.
500 2361 564 2426 34:
588 2343 667 2417 δῆλον
689 2340 728 2405 ὅτι
748 2348 764 2419 ἡ
784 2339 938 2419 δικαιοσύνη
959 2340 1077 2420 μεσότης
1099 2365 1143 2416 τις
1165 2339 1202 2404 ἂν

60 2487 64 2491 -
153 2438 192 2519 εἴη
211 2444 363 2529 ὑπερβολῆς
385 2441 432 2505 καὶ
456 2441 661 2519 έλλεέψεοις-.
706 2442 857 2529 Denique
872 2449 1015 2527 tebadyn
1034 2454 1069 2507 et
1085 2440 1202 2533 jusju-

69 2549 72 2555 '
152 2541 290 2608 randum
319 2565 416 2608 nemo
443 2542 583 2630 ignorat,
607 2544 718 2610 velex
740 2544 903 2631 Scriptore
923 2545 976 2608 De
1000 2543 1084 2610 Plac.
1111 2544 1202 2610 Phil.

153 2647 182 2708 I.
203 2665 238 2731 3.
264 2659 299 2710 et
323 2648 422 2711 Sexto
447 2647 571 2734 Empir.
595 2647 679 2712 Adv.
704 2647 867 2713 Mathem.
888 2647 968 2712 VII.
988 2667 1040 2732 94.
1063 2645 1120 2711 sed
1142 2645 1204 2713 illa

152 2760 221 2814 erat
235 2749 435 2837 pervulgata,
450 2773 621 2816 numerum
636 2752 790 2816 denarium
807 2749 994 2837 fignificans,
1006 2748 1063 2835 qui
1076 2748 1206 2815 adden-

152 2850 202 2917 dis
217 2851 353 2919 invicem
368 2853 508 2918 numeris
519 2867 658 2941 quatuor
668 2853 779 2941 primis
793 2873 823 2933 1,
838 2873 869 2932 2,
882 2874 902 2940 3
928 2874 961 2933 4.
973 2849 1086 2917 existit.
1113 2853 1204 2919 Haeo

151 2955 195 3020 est
208 2955 402 3043 exquifitior,
420 2969 454 3020 et
471 2955 560 3021 haud
581 2956 645 3022 scio
660 2978 700 3021 an
715 2956 790 3021 alibi
806 2968 984 3020 memorata
998 2953 1127 3019 numeri
1141 2957 1205 3042 36,

152 3057 209 3146 qui
228 3058 332 3123 existit
349 3056 503 3123 addendis
517 3073 657 3146 quatuor
670 3058 782 3146 primis
795 3057 973 3144 imparibus
990 3078 1020 3136 1,
1034 3075 1068 3142 3,
1082 3077 1120 3141 5,
1135 3073 1201 3143 7=

153 3160 205 3223 16.
228 3171 261 3223 et
282 3173 421 3245 quatuor
442 3159 553 3246 primis
581 3160 722 3247 paribus,
743 3181 779 3238 a,
803 3181 837 3240 4,
859 3160 892 3240 6,
918 3160 1035 3226 8:20.
1079 3159 1206 3226 Theon

152 3261 337 3348 Smyrnaeus
352 3262 383 3325 in
400 3263 563 3326 Mathem.
581 3263 661 3328 PIat.
673 3264 868 3330 XXXVIII.
883 3262 996 3327 decem
1008 3262 1205 3347 quaternio·

150 3385 207 3427 nes
228 3365 403 3446 recensens,
426 3364 548 3430 nullam
570 3364 668 3453 hujus
688 3365 767 3430 facit
788 3363 999 3430 mentionem.
1045 3363 1097 3429 Est
1121 3389 1205 3433 vero

147 3466 269 3553 species
283 3466 432 3554 quaedam
454 3468 566 3554 primae
586 3469 761 3556 tetrabtyos
776 3469 818 3533 ab
832 3490 871 3532 eo
887 3467 1026 3533 definitae
1041 3472 1206 3554 παρεκτὸς

71 3593 74 3598 ·
144 3575 226 3634 κατὰ
248 3571 413 3636 έτισῦιθισιν
435 3580 488 3636 τῶν
509 3572 623 3657 πρώτων
641 3571 863 3655 ἀποτελουμένων
884 3574 1012 3657 ἀριθμῶν·
1037 3569 1082 3635 ita
1104 3572 1203 3640 enim

148 3673 326 3762 legendum
346 3697 404 3762 pro
425 3677 473 3739 ssd
488 3677 530 3738 iai
546 3676 721 3740 σόνθεσιν-.
762 3672 986 3740 Differentiam
1003 3675 1202 3763 tetra&on

148 3775 212 3841 hoo
235 3777 425 3844 Plutarcheo
446 3778 520 3843 loco
538 3779 676 3857 tradita,
692 3801 711 3842 a
725 3777 891 3842 communi
910 3777 1077 3864 tenattye,
1093 3792 1200 3850 nota-

148 3877 194 3943 vit
208 3878 306 3943 etiam
319 3879 555 3944 Tiedemannus
568 3879 703 3945 historiae
724 3878 921 3967 philosophae
937 3879 1025 3944 haud
1040 3889 1200 3947 contom-

149 3980 274 4046 nendua
293 3982 448 4069 interpres
466 3983 499 4047 in
520 3983 602 4050 libro
624 3986 676 4049 De
699 3982 810 4048 Primis
831 3982 965 4047 Graeciae
985 3981 1200 4068 sapientibus

148 4103 183 4170 p.
195 4101 270 4164 420.

190 4185 266 4270 382.
282 4185 326 4251 A.
346 4185 566 4273 ὦςέργανον-]
590 4186 830 4253 Emendationis
849 4187 961 4253 nostrae
980 4185 1199 4274 probabilitas

148 4308 223 4354 eum
239 4306 308 4375 ¹per
332 4287 362 4353 Ie
385 4286 450 4376 ipsa
472 4287 676 4376 intelligitur,
697 4302 768 4353 tum
792 4287 878 4376 quod
901 4287 1093 4354 celebratam
1118 4290 1197 4357 sen·
