2714 4770
223 372 282 430 ιο.
372 355 410 414 n.
432 353 479 413 w.
501 353 697 414 anm-mv.
719 353 763 413 m
783 350 1016 414 ramanent
1038 353 1116 415 ma.

218 515 265 579 οιαὶ
288 512 488 600 Πλούταρχος,
509 518 605 579 πάσαν
625 513 757 593 dicimo
777 513 1012 578 κατασκεδάννυσι
1034 519 1082 590 τῆς
1100 512 1255 598 οΙιιουμάνης

217 618 279 692 τοὺς
294 616 479 700 νομιζομένους
494 617 564 691 θεοὺς
576 612 682 692 πάντας
696 621 806 698 ὁμαλῶς
820 615 989 703 διαγράφων.
1034 616 1204 702 perperam
1219 629 1254 682 et

217 716 430 784 Marklandun
446 732 606 783 mutatum
625 717 726 783 voluit
748 718 780 783 in
802 718 968 803 διογιάφοιν·
993 718 1050 783 Nil
1064 717 1169 783 verina
1183 717 1254 783 vul·

215 833 303 908 gata,
323 820 511 909 proscribens.
527 819 625 884 delens
643 845 679 884 ιιι
698 819 842 907 catalogo.
886 819 939 886 Sic
962 843 1036 884 mox
1055 836 1132 906 377.
1146 821 1193 885 D.
1216 834 1255 887 ut

127 911 128 915 ¹
215 923 301 989 redte
320 922 512 987 restituimus
526 921 674 988 codicum
691 922 879 1010 scriptorum
895 935 929 986 et
942 922 988 987 rei
1003 922 1097 1009 ipfiua
1111 922 1254 988 auctori·

216 1037 294 1104 tate,
315 1047 373 1112 pro
394 1025 506 1089 vitioso
527 1024 731 1109 διαγιάφοντες.
766 1024 869 1096 Simili
891 1024 923 1089 in
947 1038 1141 1112 argumento
1162 1024 1257 1090 adhi-

215 1126 288 1193 buit
310 1126 500 1192 Plutarchus
515 1127 662 1192 Amator.
679 1148 712 1214 p.
730 1142 748 1211 7
749 1144 804 1212 57.
818 1127 865 1192 B:
889 1132 953 1214 ὁρᾶς
966 1128 1047 1206 δήπου
1059 1129 1107 1191 πᾶν
1120 1133 1253 1212 irimp-

216 1229 338 1309 βάνονται
357 1230 437 1308 βυθὸν
450 1233 523 1310 ἡμᾶς
541 1228 693 1308 άθεάπηπος,
708 1228 740 1293 άν
754 1230 790 1303 εἰς
807 1229 876 1306 πάθη
892 1230 939 1292 καὶ
954 1229 1078 1310 δυνάμιις
1094 1231 1141 1293 καὶ
1154 1234 1256 1316 &peruls

216 1331 411 1417 διαγράφωμεν
432 1330 624 1395 ἕκαστοντῶν
645 1333 719 1395 θοῶν.
764 1330 968 1396 Consulenda
987 1331 1031 1395 est
1049 1331 1256 1398 eruditiffima
1339 1349 1342 1355 '

175 1464 179 1473 ·
218 1429 403 1499 Ruhnkenii
425 1430 519 1496 nostri
540 1432 705 1496 annotatio
724 1431 765 1497 ad
785 1430 990 1508 Timnloff.
1015 1432 1139 1498 Platon.
1153 1454 1188 1519 p.
1201 1432 1255 1512 81,

219 1533 272 1602 82.
285 1533 349 1620 seq.
748 1596 750 1600 ,
1140 1612 1144 1620 ¹

257 1637 335 1720 360.
355 1635 398 1716 A,
419 1635 458 1699 B.
488 1638 515 1698 lv
539 1636 567 1697 ii
594 1632 960 1722 Πάγχοντι-Παγχώους
981 1636 1030 1697 καὶ
1051 1635 1252 1722 Τριφύλλους]

216 1736 446 1824 Wcll'elingius
464 1735 487 1802 l.
503 1759 534 1802 c.
554 1736 654 1803 Diod.
677 1737 741 1801 Sic.
758 1737 798 1801 T.
816 1738 844 1801 l.
860 1759 893 1824 p.
907 1739 984 1823 364.
1007 1737 1141 1824 corrigit
1160 1743 1253 1823 llay·

215 1838 509 1926 χαῖον-Παγχαίους
535 1839 583 1901 aul
604 1836 778 1925 Τφιφυλάους·
802 1838 976 1903 Panchaeos
1001 1850 1035 1903 et
1058 1837 1254 1927 Triphyliot,

217 1954 255 2007 ot
267 1953 388 2006 *certos
415 1955 448 2005 et
473 1939 620 2006 historica
641 1940 830 2005 auiioritate
851 1939 996 2027 proditos
1016 1939 1167 2031 populos,
1185 1961 1253 2004 me·

216 2055 323 2108 morat
338 2041 517 2108 Diodorus:
533 2043 755 2108 Eratosthenes
770 2056 804 2107 et
821 2043 972 2129 Polybius
987 2042 1156 2129 repudiant
1173 2041 1256 2104 Pan·

217 2144 325 2222 cbaeos.
345 2144 432 2230 apud
455 2146 645 2210 Strabonem
669 2147 714 2209 ll.
737 2167 770 2231 p.
790 2151 862 2231 163.
887 2146 928 2211 C.
968 2146 1045 2210 Vll.
1064 2166 1098 2231 p.
1113 2165 1190 2231 459.
1211 2144 1255 2210 A.

217 2262 353 2335 quorum
369 2246 558 2311 sententiam
574 2247 717 2334 quamvis
732 2269 751 2311 a
765 2249 871 2313 Voffio
891 2247 932 2312 ad
950 2248 1072 2313 Melam
1091 2249 1136 2313 ΙΙ.
1153 2249 1186 2313 8.
1207 2269 1256 2313 re·

216 2349 417 2441 prehensam,
432 2349 575 2436 sequitur
587 2349 827 2438 Wcffelingius.

257 2452 334 2536 360.
351 2450 389 2514 B.
413 2449 684 2537 Φφάγος-’Μανικοὶ
704 2453 848 2537 καλοῦσι]
878 2451 1094 2540 Pbrygiacum
1116 2451 1177 2517 effe
1197 2471 1256 2538 ap·

216 2566 308 2642 paret
324 2551 422 2617 etiam
436 2575 474 2617 ex
489 2552 653 2618 Machone
668 2551 753 2639 apud
771 2553 966 2618 Athenaeum
982 2576 1014 2640 p.
1026 2555 1103 2640 578.
1141 2552 1256 2618 Melit·

218 2669 284 2723 tam
316 2655 516 2720 meretricem
544 2655 687 2719 Atticam
720 2669 878 2734 narrante,
904 2678 976 2742 quae
1003 2657 1113 2733 Attice
1142 2662 1258 2737 Μᾶιῖα,

216 2757 396 2846 Phrygiacc
415 2762 515 2821 Μοῑνῖα
535 2758 823 2845 cognominabatur
837 2760 877 2822 ab
893 2773 1037 2825 amatore
1051 2779 1169 2824 nomen
1187 2757 1260 2824 lau·

217 2858 268 2925 dis
283 2859 385 2923 caulla
399 2858 605 2946 imponente:
630 2859 785 2924 Eamdem
809 2859 975 2924 mulierem
992 2861 1107 2926 eodem
1124 2858 1257 2924 nomine

217 2961 255 3028 irl
275 2960 384 3027 scortis
406 2975 555 3026 numerat
580 2962 739 3027 Demetrii
767 2961 955 3031 Plutarchus
974 2963 1043 3027 Vrt.
1066 2980 1100 3048 p.
1116 2981 1192 3050 901.
1205 2960 1258 3027 ·C.

135 3144 137 3148 .
220 3064 325 3132 Aliam
349 3076 508 3128 memorat
530 3064 714 3150 Xenophon
736 3063 896 3129 Hellenic.
915 3065 1026 3142 lll.*1,
1043 3066 1075 3130 8.
1120 3062 1259 3130 Fortasse

216 3167 252 3233 in
274 3165 358 3230 hanc
380 3164 536 3230 rationem
560 3163 642 3229 dixit
665 3165 814 3230 Aristides
835 3168 970 3252 Hyrnno
990 3167 1023 3231 in
1038 3167 1152 3232 Jovem
1172 3167 1212 3233 T.
1229 3168 1258 3232 1.

218 3291 252 3357 p.
270 3287 309 3334 22
332 3267 362 3330 ri
380 3268 556 3350 πολμῆσομεν
577 3271 657 3330 εἰπεῖν
673 3267 733 3350 περὶ
752 3275 800 3332 τοῦ
821 3267 908 3348 Διάς;
932 3269 990 3332 δυ’τε
1005 3295 1051 3351 μοι
1065 3272 1180 3351 parreia
1194 3295 1261 3356 γιν-

218 3368 295 3436 irim
316 3367 477 3454 τὸνλόγον,
500 3366 591 3451 ὥσπερ
608 3374 642 3455 τῇ
660 3367 794 3449 ὑποθέσει,
817 3368 887 3433 οὔπω
909 3371 957 3434 xoel
978 3374 1035 3445 τοῖς
1055 3371 1203 3455 πρέπουσιν
1222 3376 1261 3447 οἷς

217 3470 311 3538 αὐτόν.
356 3469 442 3534 Nam
463 3469 544 3534 ratio
563 3470 626 3535 loci
650 3492 715 3535 non
730 3471 800 3535 finit
814 3470 957 3558 cogitare
970 3471 1042 3536 θείαν
1055 3471 1168 3554 paulae,
1186 3472 1261 3538 Pla·

218 3575 373 3653 tonicam,
389 3573 422 3638 in
437 3570 592 3639 Convivio
606 3585 640 3638 et
656 3572 790 3638 Phaedro
804 3573 1009 3638 celebratam.

259 3681 336 3764 360.
351 3677 390 3742 B.
416 3675 704 3762 Μάιιι-Μάσδηι]
732 3677 770 3740 In
793 3676 949 3763 postremo
972 3676 1050 3741 dant
1072 3677 1200 3755 Μάσσην
1218 3681 1259 3745 Ε.

219 3784 335 3848 Venet.
355 3782 479 3857 Maioma
498 3779 542 3843 A.
558 3778 590 3843 in
607 3778 709 3864 priore
724 3778 836 3842 Μάνιον
852 3782 895 3843 A.
910 3780 1029 3843 Venet.
1073 3781 1121 3845 At
1141 3779 1262 3844 certior

218 3885 261 3950 est
281 3882 435 3971 scriptura
452 3882 564 3960 Μάνης,
579 3881 665 3967 apud
686 3881 891 3946 Herodotum
907 3883 935 3946 1.
951 3901 1005 3969 94.
1030 3883 1089 3946 lV.
1104 3896 1159 3968 45.
1174 3881 1263 3971 regia

200 3983 282 4049 'boc
296 4006 413 4048 nomen
428 3982 629 4048 tradentem:
653 3995 687 4047 et
700 3982 860 4048 servorum
879 3982 1091 4071 Phrygiorum
1109 3983 1263 4070 hequem

218 4086 305 4173 apud
321 4088 465 4167 Graecos,
480 4085 521 4171 dc
537 4109 603 4174 quo
617 4085 791 4173 Menagius
806 4085 847 4150 ad
862 4085 963 4173 Diog.
979 4087 1086 4150 Laert.
1102 4087 1146 4151 V.
1160 4101 1217 4173 55.

262 4191 338 4276 360.
351 4189 390 4254 C.
407 4187 634 4276 ἰξαφθέιτες-ιάς
645 4206 725 4270 φησιν
738 4193 752 4252 d
766 4187 907 4274 Πλάτων]
926 4187 1013 4252 Hinc
1028 4187 1174 4252 firmatur
1187 4208 1265 4253 eor·

219 4291 320 4360 rectio
332 4290 447 4379 prioris
462 4290 567 4356 verbi:
592 4290 632 4355 fic
646 4288 731 4354 enim
749 4289 840 4356 Plato
853 4291 935 4378 leg.
952 4289 1012 4356 lv.
1031 4309 1065 4376 p.
1081 4290 1156 4354 600.
1170 4290 1224 4356 G:
1250 4295 1265 4354 ο
