2714 4770
354 198 357 214 l

35 220 49 242 θ
665 246 667 251 .

391 301 395 309 “
515 300 519 308 “
720 310 728 323 v

1135 330 1141 338 .

124 312 1155 413 m

782 494 784 503 ι
1136 472 1141 479 .

64 509 68 524 s

135 619 490 795 nauranrs
533 618 1140 840 WYTT'ENBACHII,

65 899 67 904 ⁵
215 919 218 925 ’
314 973 944 1113 nulrtanvaasrouas
1074 927 1078 935 ’

237 1202 310 1305 ΙΝ
344 1206 722 1306 rturnacffl
758 1208 1023 1322 nissum,
1143 1179 1146 1188 ’

274 1443 363 1508 ‘DE
380 1444 502 1510 SERA
517 1435 725 1510 NUMINIS
739 1438 981 1547 rtttnlcra.
1017 1452 1020 1457 ’

487 1695 771 1746 -4-

106 1873 163 1983 P.
179 1919 255 2004 548.
272 1919 315 1982 A.
338 1924 464 1984 Τοιαῦτα
477 1920 529 2004 μὶν
543 1925 557 1983 ὁ
570 1919 733 2004 Ἐπίκουρος
747 1919 839 2005 sisois]
857 1919 943 1985 Cum
957 1940 998 1984 ex
1011 1919 1150 2007 abrupto

107 2018 263 2108 colloquii
289 2021 387 2111 hujus
413 2022 627 2087 narrationem
655 2021 802 2087 ordiatur
828 2021 1029 2098 Plutarchus,
1052 2034 1150 2089 erunt

107 2120 235 2188 fortalse
249 2124 305 2210 qui
320 2124 449 2189 initium
463 2122 598 2213 Dialogi
611 2123 804 2190 intercidille
818 2137 955 2212 putent3
977 2124 1041 2190 fuit
1060 2135 1150 2189 certe
1187 2198 1190 2209 ἃ

106 2223 162 2311 qui
177 2224 398 2312 itajudicsret
416 2228 450 2293 J.
471 2227 514 2290 A.
535 2225 699 2292 Fabricius
722 2227 761 2291 B.
779 2228 822 2292 G.
841 2226 919 2294 Vol.
937 2212 1000 2291 Ill.
1023 2216 1057 2313 p.
1070 2247 1089 2313 3
1092 2243 1150 2313 57.

106 2325 210 2413 Cujus
234 2325 385 2413 equidem
414 2326 581 2394 sententiae
609 2327 699 2406 haud
725 2328 898 2408 accedam,
912 2328 967 2394 etti
994 2328 1090 2393 sciam
1115 2328 1149 2393 in

104 2442 277 2518 utramque
299 2443 424 2518 partem
445 2430 486 2497 de
501 2431 563 2496 hac
580 2453 615 2496 re
628 2431 714 2519 poll‘e
731 2430 896 2518 disputari.
941 2432 1029 2496 Nam
1044 2416 1150 2518 primo

103 2532 248 2618 quidem,
264 2556 305 2598 ne
323 2533 430 2598 dicam
451 2535 625 2622 abruptum
646 2533 777 2600 initium
793 2534 863 2600 suas
877 2534 997 2600 habere
1007 2555 1149 2614 veneres,

105 2635 185 2699 nihil
199 2635 241 2700 ad
253 2635 349 2723 ipsius
363 2636 588 2722 disputationis
602 2637 824 2722 integritatem
838 2636 994 2722 requiras,
1004 2658 1080 2700 cum
1094 2634 1152 2721 qui

106 2731 328 2818 colloquentes
349 2735 561 2817 inducuntur,
584 2737 819 2824 Epicureorum
842 2737 1042 2825 objectiones
1066 2736 1150 2802 reci·

103 2846 186 2898 tent.
231 2833 386 2900 Similiter
407 2839 474 2903 fere
500 2839 590 2905 Plato
612 2838 741 2906 orditur
762 2840 934 2926 Gorgiam,
959 2836 1150 2902 Plutarchus

105 2932 205 2999 libros
220 2934 262 2999 de
277 2936 389 3002 Gloria
403 2938 650 3005 Athenieniium
670 2955 704 3005 et
722 2939 764 3005 de
784 2939 919 3019 Invidia,
934 2950 968 3003 et
986 2938 1149 3007 Lucienus

104 3034 271 3125 dialogum
293 3039 334 3105 de
347 3039 547 3126 ,saltatione
566 3064 650 3129 quos
670 3065 766 3132 nemo
788 3065 931 3129 unquam
949 3040 1069 3106 binitio
1088 3041 1149 3108 elle

103 3155 270 3208 truncatos
291 3143 427 3230 putavit.
471 3146 526 3225 Et,
541 3145 563 3210 fi
576 3145 656 3233 q'uid
675 3146 738 3211 hoc
751 3145 793 3211 ad
808 3128 875 3212 rem
891 3143 1042 3232 pertinet,
1062 3167 1148 3210 nun·

101 3245 234 3332 cupatio
254 3242 278 3309 ol
299 3247 403 3339 Κύντε,
427 3247 502 3313 satis
521 3249 608 3313 clare
631 3269 766 3336 arguere
787 3248 925 3327 videtur,
946 3247 1022 3312 hinc
1041 3247 1150 3335 dispu-

100 3348 234 3414 tationis
259 3349 389 3417 initium
417 3350 497 3417 fieri.
541 3353 665 3419 Verum
691 3351 777 3417 idem
800 3374 876 3440 ego,
902 3365 941 3416 ut
967 3372 987 3415 a
1011 3350 1148 3417 Fabricii

101 3450 253 3535 opinione
272 3453 396 3520 alienus
416 3456 500 3537 sum,
515 3455 556 3521 fic
571 3454 605 3521 in
619 3477 691 3521 eam
711 3469 837 3551 partem
857 3454 990 3536 inclino,
1005 3467 1043 3520 ut
1057 3455 1147 3521 hunc
1178 3464 1179 3468 ’
1266 3446 1273 3455 ’

101 3550 285 3643 cdialogum
315 3557 448 3625 alterius
481 3557 705 3646 disputationis
737 3557 925 3646 deperdita,
961 3579 1037 3644 qua,
1070 3558 1147 3622 teste

131 3763 321 3813 'Quaestionem
330 3767 407 3829 attigit
415 3768 543 3817 Sallustius
553 3768 597 3818 Gr.
648 3770 696 3830 seq.
726 3769 793 3830 prius
820 3766 1007 3830 disputationem
1035 3764 1145 3815 advertus

99 3847 137 3895 De
149 3847 202 3896 Diis
214 3846 273 3910 Cap.
285 3858 325 3899 19.
647 3850 825 3898 Providentiam
837 3848 881 3896 sub
891 3847 989 3896 alterius
998 3847 1146 3909 personass-
1287 3906 1291 3913 ⁴

131 3926 143 3960 ¹·
161 3930 200 3976 An
218 3928 275 3976 finis
291 3928 367 3977 libelli
383 3931 486 3992 perierit,
498 3931 548 3980 vid.
559 3931 597 3980 in-
647 3933 738 3993 promit
748 3933 780 3988 Δ,
793 3930 822 3977 Β.
838 3939 895 3977 tum
906 3929 1018 3990 deinceps
1029 3942 1085 3977 eam
1096 3929 1145 3992 ipse

97 4010 234 4072 imp-soa.
247 4010 275 4059 B.
646 4015 762 4061 vindieat.
788 4012 880 4060 Haberi
891 4025 947 4059 earu
958 4011 1144 4073 disputationem

131 4091 225 4139 ‘Philo
239 4091 296 4140 Jud.
312 4093 338 4140 in
356 4091 418 4141 libro
435 4091 484 4157 ingl
499 4082 613 4158 segniciae⁴
645 4095 757 4143 adsersus
773 4092 871 4142 alterius
888 4093 1082 4156 repreheulioues
1101 4109 1144 4158 pa-

96 4171 219 4232 deperrlito
241 4172 313 4234 cujus
337 4176 414 4223 exstat
437 4173 597 4224 loculentam
645 4176 765 4224 tetetism
775 4188 808 4222 ex
819 4174 877 4223 fine·
888 4181 945 4226 ³9⁹·
957 4173 990 4222 D.

98 4251 184 4312 snpra.
201 4266 241 4316 sp.
258 4246 390 4304 Euseb.'P.
408 4256 438 4304 E.
455 4256 591 4305 Vlll.·as⁶

140 4348 227 4398 vol..
245 4353 316 4409 vu.
690 4355 715 4400 X
