2714 4770
177 763 531 859 DANIELlS
581 760 1172 860 WYTTENBACHII

200 1124 202 1131 ‚
289 1139 292 1144 .
357 1059 986 1144 ANIMADVERSIONES

280 1321 353 1416 lN
387 1317 764 1415 PLUTARCHI
801 1319 1080 1433 LIBRUM.
1117 1443 1141 1452 ,.

400 1582 464 1645 DE
487 1582 537 1647 EI
561 1581 693 1647 APUD
716 1583 943 1648 DELPHOS.

531 1863 815 1914 ...4-

149 2074 206 2187 Ρ.
229 2122 305 2208 384.
329 2121 369 2187 c.
403 2125 500 2186 usu
523 2125 608 2186 ror
633 2125 674 2184 m
699 2123 784 2184 ror
810 2124 867 2185 un
892 2103 1091 2208 sunnon]
1119 2120 1194 2186 Hoc

149 2225 219 2312 ipso
240 2225 337 2290 titulo
354 2224 466 2290 citavit
486 2223 643 2290 Eusebius
666 2225 767 2309 Praep.
789 2223 991 2310 Evang.XI.
1010 2243 1069 2287 11:
1092 2223 1193 2288 Πλοιί·

148 2356 257 2416 ταρχος
277 2333 304 2394 ἂν
320 2335 361 2415 τῷ
378 2330 438 2415 περὶ
455 2335 504 2392 τοῦ
520 2327 559 2392 El
577 2330 604 2391 ίν
622 2330 753 2408 Δελφοῖς,
769 2325 904 2413 longum
919 2324 995 2391 inde
1009 2326 1119 2399 locum
1133 2346 1194 2414 ap·

148 2454 273 2521 ponens
295 2431 351 2520 qui
374 2431 417 2496 est
438 2453 472 2518 p.
488 2450 564 2518 391.
588 2432 733 2517 F-393.
755 2428 796 2493 Β.
820 2427 915 2516 cujus
939 2429 1068 2495 brevem
1091 2429 1193 2516 parti·

148 2536 255 2603 culam
270 2533 528 2622 rescrt‘Cyrillus
544 2532 629 2599 Adv.
645 2532 768 2598 Julian.
782 2533 880 2597 Vlll.
895 2554 927 2618 p.
940 2534 1014 2598 266.
1030 2535 1070 2599 B.
1097 2534 1197 2599 Vete-
1318 2569 1325 2575 ·

150 2661 200 2704 res
222 2637 330 2703 Graeci
347 2637 494 2724 quintam
513 2635 640 2700 literam
656 2641 683 2697 Ε
697 2634 956 2721 pronunciabant
972 2643 1013 2699 Es
1029 2651 1068 2701 ut
1083 2651 1195 2703 monet

150 2737 335 2803 Eustathius
355 2737 396 2802 nd
420 2736 512 2801 iliad.
536 2736 583 2800 E'.
605 2734 711 2815 initio,
736 2734 876 2822 indeque
901 2735 1064 2802 Fabricius
1088 2738 1128 2802 Β.
1150 2740 1194 2804 G.
1296 2791 1299 2797 .
1349 2743 1352 2759 ¹

152 2841 216 2904 111.
231 2860 265 2926 p.
275 2859 295 2924 3
296 2854 351 2924 54.
366 2840 411 2903 A.
447 2839 534 2925 Ergo
553 2836 722 2925 Inscriptio
736 2835 900 2924 Delphica
912 2852 981 2904 erat
994 2845 1035 2918 E,
1049 2838 1104 2904 sed
1118 2856 1195 2927 pro·

151 2941 365 3008 nunciabatur
379 2945 434 3006 EI.

113 3073 122 3091 ·
192 3046 270 3132 384.
289 3044 335 3109 D.
361 3041 526 3128 Σαραπίων]
558 3040 649 3108 Idem
670 3040 881 3108 videturesse
902 3041 958 3130 qui
982 3042 1015 3109 in
1037 3042 1121 3110 libro
1142 3045 1195 3112 Dc

151 3147 276 3237 Pytbirc
298 3145 445 3214 Ornculis
463 3169 500 3233 p.
522 3148 599 3233 396.
621 3147 666 3212 D.
694 3144 813 3212 dicitur
837 3145 982 3233 Σεραπίων
1003 3153 1017 3212 ί
1042 3152 1194 3228 rosm-

148 3250 241 3338 ννιιριὶι
261 3250 411 3339 Ἀίῆνῃθνι,
426 3262 460 3313 ct
477 3248 511 3312 in
531 3263 602 3314 toto
622 3247 764 3336 Dialogo
783 3248 1000 3336 colloquentis
1015 3264 1122 3337 portes
1137 3265 1192 3317 tu·

149 3375 218 3429 ens,
243 3352 307 3417 hoc
332 3350 465 3416 nominc
486 3349 654 3416 scribitur:
677 3372 715 3416 ac
738 3351 887 3440 Sympos.
909 3353 937 3417 1.
955 3371 1007 3419 ro.
1028 3351 1100 3419 init.
1123 3350 1193 3440 ojus
1289 3397 1295 3410 .

149 3453 284 3541 epulum
305 3453 436 3520 sconicae
455 3452 595 3520 visloriae
610 3452 751 3520 Athenis
768 3467 939 3541 reportstae
953 3469 1153 3521 memoratur
1166 3460 1193 3520 ίν

150 3559 177 3622 li
196 3561 254 3632 τοῖς
271 3555 444 3641 Σαραπίωνος
463 3556 610 3636 ἐπινικίοις,
625 3555 670 3620 ὅτι
687 3560 722 3643 τῇ
740 3555 864 3622 Λεοντίδι
883 3562 956 3645 φυλῇ
969 3559 1017 3621 τὸν
1028 3557 1115 3644 χορὸν
1128 3557 1192 3622 διον·

148 3660 239 3739 τάξας
260 3658 392 3737 tilmon.
438 3659 546 3726 Quam
571 3658 711 3725 nominis
733 3658 922 3746 scripturam
941 3659 1093 3725 hocloco
1109 3681 1193 3725 unus

148 3761 336 3952 dagllifnoll.
359 3861 685 3949 Δικαίαρχος-δόξακ]
711 3863 750 3927 In
765 3863 844 3930 Vita
859 3861 1021 3950 Euripidis
1036 3861 1101 3929 hoc
1116 3886 1192 3952 pto·

150 3966 260 4034 didisse
274 3963 502 4032 Dicaearchum
516 3963 679 4030 verisimile
692 3965 747 4031 est.
781 3966 870 4031 Nam
884 3980 919 4031 et
933 3965 1013 4030 vitas
1026 3987 1103 4032 oum
1117 3988 1194 4034 con·
1331 4029 1334 4032 ,

150 4068 296 4156 scripsisse
313 4067 457 4148 constan
480 4081 513 4132 et
527 4065 687 4155 Euripidis
702 4067 799 4133 vitam
816 4067 850 4131 in
865 4066 915 4132 his
929 4067 1031 4147 suiffe,
1041 4074 1123 4134 'cum
1136 4069 1193 4139 hic
1328 4071 1332 4077 ’

151 4172 242 4237 locus
269 4170 433 4260 fignificat,
464 4183 534 4236 tum
563 4169 645 4236 alius
673 4168 812 4236 ostendit
838 4169 971 4236 Advers.
999 4171 1132 4260 Epicur.
1158 4195 1191 4259 p.

153 4287 249 4360 1095.
263 4275 307 4342 A.
330 4286 364 4340 ct
383 4272 446 4338 hoc
468 4272 650 4340 Dicarchi
672 4294 756 4360 opus
777 4285 973 4349 annotarunt
992 4275 1119 4342 Jonfius
1140 4276 1192 4343 De
1217 4275 1220 4279 ’
