2714 4770
287 339 343 398 DE
362 338 471 409 1less
491 337 545 397 ET
565 336 741 396 OSlRIDE.
762 357 791 416 p.
806 353 875 415 353.
889 339 925 397 B.
1070 353 1123 415 173

85 498 183 564 dotus
199 499 245 564 11.
259 513 300 584 37
314 511 349 564 et
362 499 417 564 60.
446 496 611 567 Diodorus
626 497 692 565 Sic.
708 497 736 562 l.
752 511 791 582 15
806 509 842 563 et
853 512 907 582 71,
921 494 964 562 de
977 495 1127 586 regibusz

85 602 154 666 οίνου
169 604 197 666 ii
209 601 355 666 vuarinus
372 599 471 690 μίτρον
490 600 628 681 πίνοντας,
642 604 681 683 μὴ
700 600 844 683 δυνάμενον
862 604 1020 683 πλησμονὴν
1041 599 1128 665 ἄνοον·

17 788 20 797 Ι
84 732 130 792 ρον
148 705 164 784 ἢ
181 705 263 788 μίθην
282 711 468 794 περιποιῆσαι.
491 704 533 770 ad
546 719 722 792 utrumque
737 703 979 792 Weffelingius.
1024 704 1128 771 Com·

86 807 302 873 mentationes
318 807 520 873 sacerdotum
534 807 567 872 in
583 807 712 895 templis
731 820 840 872 narrat
862 806 1058 896 Porphyrius
1077 810 1131 874 De

86 910 211 978 Abstin.
229 912 287 977 IV.
304 912 337 975 6.
357 933 396 976 ex
412 910 627 976 Chaeremone
641 910 786 992 τίπονμίν
799 907 960 988 ίξελίξυντο
976 915 1129 994 lupanan-

86 1021 171 1097 φῆσαι
192 1015 534 1101 τὰίιρά-οἰπυπάμννοο
561 1016 588 1077 δὲ
612 1020 708 1078 πᾶσαν
730 1017 778 1092 τὴν
804 1010 894 1092 ἄλλην
918 1014 1056 1100 ίργασίοιν
1082 1015 1131 1080 καί

86 1119 181 1204 πόρους
202 1118 377 1204 ἀνθρωπίνους
396 1118 534 1182 ἀπέδοσαν
554 1116 617 1181 ἕλον
630 1118 676 1181 riv
688 1115 748 1196 βίον
762 1120 795 1202 τῇ
809 1125 864 1180 τῶν
878 1115 953 1180 θείων
967 1116 1062 1203 θεωρίᾳ
1084 1118 1132 1183 καί

89 1220 343 1305 θιάσου-δίαιτα
355 1223 388 1284 li
409 1224 471 1298 λιτὴ
492 1220 540 1284 aul
559 1220 673 1302 ἄφελῆς·
698 1217 767 1284 οίνου
787 1222 846 1304 γὰρ
867 1223 892 1282 oi
909 1220 960 1301 pia
979 1221 1032 1283 οὐδ’
1052 1218 1134 1301 ὅλους,

89 1328 114 1387 oi
133 1325 155 1386 θ
176 1323 311 1409 ὀλίγιστα
324 1322 460 1408 θγνόοντο·
483 1321 580 1406 νεύρων
600 1321 759 1414 αίτνοίμινον
775 1320 905 1399 βλάβος,
927 1321 976 1385 καί
995 1322 1135 1410 πλήρωσιν

89 1432 210 1508 κεφαλῆς
225 1425 350 1509 ίμπθθνον
364 1428 400 1500 νίς
414 1422 531 1512 οὔρησιν·
555 1423 674 1511 quibua
692 1422 889 1511 adjungatur
902 1423 936 1506 ᾗ.
953 1423 984 1489 8.
1006 1445 1039 1511 p.
1055 1445 1133 1513 319.

89 1541 124 1593 et
135 1541 273 1615 utroque
288 1527 361 1594 loco
375 1530 497 1614 ἀγνοίαι.

132 1650 151 1716 3
154 1647 209 1717 53.
225 1633 265 1697 B.
285 1635 320 1708 ὥς
334 1631 407 1715 alpe
420 1640 475 1696 τῶν
489 1629 706 1715 πολεμησάντων
720 1629 787 1694 ποτὶ
801 1633 857 1704 τοῖς
870 1629 1130 1718 θεοῖς-ἠρυγὸνων]

91 1731 307 1799 Orientalium
321 1733 500 1820 sapientum
512 1750 721 1799 communem
734 1731 934 1819 opinionem,
949 1730 1059 1797 vinum
1073 1755 1135 1822 ge·

92 1834 137 1900 nii
159 1836 235 1901 mali
255 1836 419 1902 inventurn
441 1837 515 1915 elie,
533 1834 671 1901 ostendit
690 1833 894 1901 Jahlonssriua
917 1834 1033 1900 Panth.
1054 1834 1136 1923 AEg.

94 1940 129 2003 P.
145 1939 172 2002 Ι.
188 1960 222 2025 p.
237 1958 309 2025 131.
326 1939 413 2024 sequ.
433 1936 572 2024 indeque
591 1934 797 2024 Androcydis
816 1936 978 2001 monitum
993 1935 1136 2001 Alexan-

93 2040 152 2106 dro
167 2042 218 2106 M.
232 2041 347 2106 datum
362 2039 486 2119 venilie,
507 2039 645 2104 relatum
662 2037 764 2103 Plinio
780 2040 825 2103 H.
839 2040 886 2104 N.
903 2040 996 2105 XIV.
1011 2054 1029 2124 7
1043 2065 1051 2103 r
1079 2039 1137 2105 Vt-

93 2169 163 2208 num
180 2157 301 2231 poturus
319 2168 383 2224 rex,
402 2156 539 2208 memento
560 2155 588 2207 te
609 2142 702 2208 bibere
711 2142 894 2230 sanguinem
916 2154 1024 2208 terrae:
1039 2143 1138 2208 'cincta

94 2246 238 2310 hominum
262 2271 405 2311 venenum
426 2244 477 2330 est,
500 2245 601 2309 cincta
620 2245 744 2313 virum.-
773 2242 866 2331 cujua
890 2243 979 2310 aliud
1006 2244 1047 2326 de
1073 2244 1139 2311 viui

93 2362 175 2434 potu
194 2346 387 2434 vituperium
410 2347 519 2433 prodit
542 2345 695 2412 Clemens
716 2345 892 2413 Alexandr.
912 2348 1036 2412 Strom.
1057 2348 1137 2412 Vll.
1172 2391 1175 2399 ι

95 2471 128 2536 p.
145 2450 219 2534 718.
235 2450 280 2515 D.
317 2448 438 2514 Similis
459 2449 503 2514 est
525 2449 642 2514 Graeca
660 2447 770 2514 fabula
788 2449 841 2514 De
860 2447 1059 2536 serpentibus
1081 2462 1139 2515 aut
1264 2525 1267 2533 ,

96 2552 224 2617 venenis
238 2575 277 2617 ex
290 2550 457 2630 Titanum,
471 2550 653 2638 Typhonis,
671 2549 836 2638 Gorgonis
850 2551 1022 2638 sanguine:
1041 2573 1139 2638 quam

51 2665 52 2668 ’
94 2654 227 2742 attingit
240 2654 436 2719 dotliffimus
450 2653 672 2718 Mellmannus
694 2653 727 2718 in
748 2652 970 2719 Commentat.
984 2654 1037 2718 De
1052 2656 1139 2721 Nar·

96 2757 246 2822 rationib.
272 2757 434 2821 Mutatur.
457 2758 564 2821 Form.
589 2779 622 2844 p.
643 2775 699 2841 33.
745 2755 829 2819 Item
852 2768 995 2843 cognata
1015 2754 1142 2822 videtur

68 2880 71 2889 ·
98 2858 208 2924 fabula
218 2857 259 2923 de
271 2857 439 2922 hominum
452 2857 582 2944 generis
594 2880 633 2922 ex
645 2856 781 2922 deorum
794 2856 948 2945 sanguiue
958 2871 1044 2935 ortu,
1054 2857 1141 2943 apud

97 2959 265 3026 Julianum
288 2960 417 3045 Fragm.
438 2979 470 3044 p.
486 2977 561 3045 292.
581 2961 626 3039 A,
641 2960 680 3023 B.
724 2958 824 3046 Quod
845 2957 991 3045 Squirius
1005 2958 1144 3046 προγόνων

99 3060 260 3151 corrigere
280 3074 387 3126 tentat
405 3061 440 3126 iu
459 3059 632 3147 πολυγόνων,
645 3061 736 3149 quod
753 3062 796 3127 eli
811 3083 931 3127 nomen
948 3060 1140 3149 Gigantum,

99 3164 199 3229 habet
217 3154 389 3252 quaurdam
412 3162 562 3250 speciem,
582 3187 641 3230 nec
663 3178 772 3230 tamen
795 3178 834 3229 ut
854 3163 935 3228 mihi
954 3162 1050 3251 plane
1065 3184 1142 3249 pro·

99 3269 213 3333 betur:
237 3265 343 3355 mugis'
356 3268 399 3332 est
413 3266 578 3353 poeticum
597 3278 632 3332 et
650 3266 751 3331 rarius
771 3289 868 3353 quam
885 3288 945 3354 pro
966 3264 1063 3353 hujus
1077 3264 1143 3329 loci

100 3371 243 3449 ratione3
266 3367 386 3456 legitur
399 3369 486 3456 apud
503 3368 741 3434 Callimachum
759 3368 894 3433 H.‘Jov.
907 3387 940 3453 3.
977 3365 1143 3454 Hesychio
1261 3428 1268 3444 ,

101 3471 276 3557 Πηλίιγονες*
299 3471 435 3559 γέροντος·
460 3471 547 3537 recle
562 3471 674 3537 volunt
691 3476 735 3536 ll.
749 3468 894 3559 γίγαντος·
904 3478 906 3484 ’
918 3470 973 3535 sed
987 3483 1022 3534 et
1035 3474 1142 3545 Πηλου-

101 3575 188 3660 γθνον,
205 3574 252 3639 vel
268 3577 443 3659 Πηλοιγννοῖς
458 3573 689 3661 requirebatur.
734 3572 850 3638 Malim
872 3572 1020 3657 Γιγάντων
1040 3571 1145 3635 nostro

61 3707 65 3716 ·
103 3675 135 3752 in
157 3674 230 3740 loco
244 3674 292 3739 vel
305 3681 443 3761 Γηγννῶν,
466 3688 524 3740 aut
545 3674 652 3754 aliud,
670 3674 735 3753 nifi,
745 3674 828 3739 forte
844 3672 1036 3738 Plutarchus
1050 3669 1143 3757 cogi·

104 3779 217 3846 taverit
236 3778 333 3858 πηλὸν,
353 3777 415 3844 vini
435 3799 632 3866 cognomen,
647 3776 689 3842 de
706 3799 773 3865 quo
792 3775 921 3842 monuit
936 3773 1146 3840 casaubonus

103 3883 144 3948 ad
166 3881 291 3948 Athen.
315 3901 348 3967 p.
363 3880 438 3943 661.
481 3877 628 3967 Toupius
647 3877 787 3944 Emend.
809 3876 902 3943 Suid.
917 3878 964 3941 11.
979 3878 1034 3942 66.
1056 3888 1148 3943 utea

104 3982 335 4051 communione
350 3981 404 4048 fibi
419 3980 499 4047 illud
513 3981 673 4068 πηλογίνυν
685 3978 866 4069 persuaderi
880 3991 1054 4066 pateretur.
1094 3980 1147 4046 De

105 4087 166 4151 diis
187 4110 227 4152 ex
248 4082 573 4174 Gigantomachiain
592 4085 777 4171 AEgyptum
798 4081 997 4170 fugientibus
1013 4081 1147 4148 affumta
1267 4139 1270 4143 .

106 4188 292 4254 animalium
312 4185 416 4274 specie
429 4184 548 4250 dicitur
561 4207 595 4272 p.
606 4203 683 4271 357.
697 4187 742 4250 A.
779 4183 925 4250 Luciano
938 4184 990 4249 De
1005 4183 1145 4250 Sacrific.

106 4296 146 4360 T.
169 4295 196 4359 1.
217 4315 251 4379 p.
266 4293 343 4380 538.
365 4304 398 4356 et
419 4287 609 4378 pervulgata
629 4285 750 4353 fabula.
794 4285 921 4375 Hygin.
942 4286 1035 4352 Praef.
1051 4285 1147 4353 Ovid.
1188 4310 1218 4327 ·¹

107 4398 193 4463 Met.
203 4398 246 4463 V.
271 4395 348 4461 Fall.
363 4395 389 4459 l.
413 4391 542 4459 Servius
554 4391 595 4457 ad
611 4392 687 4457 AEn.
702 4391 765 4461 ΙΙΙ,
775 4392 853 4478 578.
887 4389 988 4457 Diod.
1002 4390 1080 4460 s..1.
1092 4389 1147 4456 86.
