2714 4770
385 341 441 401 un
462 350 496 399 n
517 296 738 402 namurco.
759 361 789 421 ρ.
804 359 873 421 59²·
888 345 922 414 c,
937 342 976 404 n.
1147 363 1201 422 ιρι

157 506 251 589 iunxi
265 504 304 585 pl
321 499 431 565 dadsisas
445 502 492 566 riv
508 502 551 566 ixl
564 506 651 566 πᾶσιν
664 500 791 583 θάνατον,
812 505 898 581 insulsi
916 503 979 578 τοὺς
992 503 1136 590 προτέρους
1155 507 1203 568 td·

156 607 251 688 μοθῶς
272 605 439 691 ἥνὶγκαμεν,
457 603 504 669 τδν
524 605 652 694 βρίφους,
672 606 720 669 riv
741 608 847 686 παιδὸς,
867 603 915 670 ro's
935 607 1047 690 ἐφήβου,
1068 607 1115 672 ris
1135 633 1201 688 μυ·

154 707 265 795 partito,
277 708 325 772 ris
339 707 452 787 trasico,
460 708 507 772 tls
519 708 624 796 ἀνδρὸς,
635 705 672 772 ὦν
685 709 767 783 οὐδεὶς
781 708 819 772 ir'
834 711 908 789 ins,
919 710 1011 794 γήρως
1025 707 1200 782 latorium.

156 811 271 878 Varios
291 810 411 900 gradus
437 810 588 877 humanae
610 810 684 877 vitre
705 834 818 877 eorum
840 833 897 899 per
918 824 1031 877 aetates
1053 810 1199 877 distribu-

156 911 277 978 tionem
292 935 331 979 ac
346 912 656 994 denominationem,
672 912 727 978 alii
742 913 836 980 aliter
851 914 1016 980 fecerunt:
1041 913 1074 978 in
1088 913 1200 1001 primis

155 1018 198 1081 est
220 1016 449 1103 Hippocrates,
475 1015 568 1104 eujus
591 1016 782 1082 sententiam
808 1016 972 1081 servarunt
996 1014 1082 1080 idem
1107 1015 1200 1081 Philo

153 1119 229 1187 Jud.
248 1122 300 1185 De
315 1120 435 1186 Mundi
449 1120 589 1208 Opifioio
602 1144 635 1208 p.
651 1141 702 1203 14.
735 1120 847 1186 Pollux
864 1122 909 1186 ll.
928 1141 958 1184 1.
992 1119 1093 1185 Solon
1109 1135 1199 1207 parte

156 1222 318 1288 Carminis
339 1224 381 1288 ab
401 1222 517 1288 eodem
540 1222 674 1288 Philone
696 1223 720 1288 l.
740 1246 770 1289 c.
793 1222 949 1303 exhibita,
971 1222 1199 1288 Artemidorus

154 1325 328 1392 Onirocrit.
345 1327 391 1391 ΙΙ.
404 1340 422 1410 7
424 1346 458 1414 5.
474 1347 513 1391 ex
531 1326 683 1391 Romanis
698 1326 825 1391 Gellius
839 1327 884 1390 X.
901 1326 954 1394 28.
1000 1325 1197 1390 Censorinus

153 1429 216 1495 Die
242 1431 322 1496 Nat.
350 1428 433 1516 Cap.
454 1429 548 1495 XIV.
585 1429 725 1509 Solonis,
748 1429 971 1516 Hippocratis,
993 1427 1196 1515 aliorumque

151 1532 320 1620 opiniones
344 1532 497 1597 referens.
543 1531 717 1598 Plutarcho
740 1534 875 1617 ἀκμάζων
895 1533 1026 1613 dicitur,
1046 1532 1103 1619 qui
1125 1531 1196 1598 aliis

149 1637 236 1721 sitlos
260 1632 359 1699 veluti
377 1632 428 1697 sios
446 1631 600 1699 dicuntur
618 1633 674 1698 filii
688 1642 743 1699 rtis
759 1635 940 1718 ἀκμαζόντων
961 1633 994 1698 in
1019 1632 1143 1722 Pyrrho
1160 1654 1193 1719 p.

149 1752 227 1823 395.
248 1737 292 1801 A.
315 1748 350 1801 et
370 1737 505 1818 ἀκμάζων
524 1735 628 1800 senior
649 1749 782 1802 vocatur
803 1757 899 1824 quam
923 1736 1049 1823 πότερος
1064 1733 1097 1798 in
1115 1733 1194 1800 Vrta

152 1840 289 1904 Homer.
305 1839 337 1921 ξ.
356 1859 427 1926 199.
463 1837 558 1903 Teles
571 1861 625 1926 ap.
641 1841 734 1905 Stob.
750 1861 783 1926 p.
795 1855 871 1926 535.
895 1839 928 1904 in
942 1837 1066 1904 caeteris
1079 1836 1190 1924 gradi-

150 1941 211 2006 bus
239 1939 464 2029 significandis,
488 1943 556 2027 ἀνὴρ
588 1940 689 2028 γέγονε
716 1943 764 2006 sal
792 1941 926 2026 ἀκμάζει.
969 1940 1017 2005 At
1046 1938 1191 2004 Galenus

150 2041 229 2133 ibid.
248 2064 282 2130 p.
297 2059 373 2130 545.
395 2065 435 2108 ex
449 2041 662 2129 Hippocrate,
677 2053 816 2131 quatuor
828 2043 967 2131 prodens
981 2053 1105 2121 etates,
1119 2041 1189 2105 καί·

147 2147 210 2225 δην,
230 2145 364 2233 [Caetera
378 2143 606 2232 defiderantur.]
