2714 4770
237 346 273 389 ιο
383 326 423 387 0.
444 295 492 386 w.
512 326 710 389 urrunnu
732 328 777 389 ru
799 290 1034 391 rauranum
1053 331 1135 391 um.

233 487 346 553 scenua
365 487 516 573 Excerpt.
538 510 577 553 ex
597 489 689 554 Stoh.
709 486 789 557 edit.
808 487 916 554 Vales.
934 510 969 576 p.
987 506 1074 577 5172
1096 488 1200 555 Λύκιαι
1221 495 1273 568 τὰς

233 593 369 678 γυναῖκας
385 594 498 674 μᾶλλον
516 588 532 668 ἢ
550 591 613 666 τοὺς
633 588 731 678 ἄνδρας
750 595 867 675 τιμῶσι,
889 592 938 657 nal
959 599 1109 658 καλοῦνται
1131 591 1271 679 7007080.

206 761 208 765 ι
231 694 378 763 Verbum
397 690 593 780 ῃηματίζιιν,
613 690 774 782 appellari,
788 691 947 774 nominari,
963 693 1024 760 hac
1038 691 1171 761 notione
1184 695 1271 763 anti·

233 795 308 883 quis
321 794 450 863 clafficis
464 793 596 883 quidem
609 819 675 862 non
687 796 887 885 usurpatum,
900 796 1064 886 Polybius,
1073 812 1106 862 et
1117 798 1185 886 post
1195 820 1271 864 eum

233 897 301 979 alii,
321 895 560 963 adhibuerunt:
585 898 776 965 Plutarchus
798 899 894 964 semel
911 893 1027 988 prt'eter
1040 897 1129 965 hunc
1148 899 1271 980 locum,

233 999 268 1065 in
290 999 436 1066 Antonio
458 1022 492 1087 p.
515 1022 589 1088 941.
614 1001 654 1067 C.
677 1023 759 1089 quos
780 1002 892 1067 ambos
917 999 1065 1088 apposuit
1087 1000 1273 1089 Stephanus

234 1102 326 1171 Thes.
349 1105 408 1170 Gr.
428 1104 466 1169 1.
485 1105 524 1170 T.
546 1104 604 1170 IV.
626 1126 660 1191 p.
676 1106 751 1192 607.
768 1105 813 1170 D.
836 1127 912 1185 pum
930 1103 1001 1169 aliis
1019 1101 1168 1185 aliorum,
1191 1127 1273 1192 quos

235 1206 353 1295 partim
368 1205 479 1272 retulit
490 1206 688 1273 Wetstenius
703 1205 745 1272 ad
759 1208 854 1273 Rom.
869 1207 947 1272 VII.
960 1225 995 1300 3.

277 1308 353 1391 048.
368 1308 413 1373 D.
429 1306 458 1374 ι’.
473 1307 760 1396 ΣΑΛΜΑΤΙΔΕΣ]
780 1308 867 1374 Hinc
884 1307 1053 1396 Polyaenus
1064 1308 1142 1374 VII.
1152 1308 1208 1390 48.
1222 1307 1273 1374 di-

235 1432 311 1477 ceus
332 1408 412 1474 πόλιν
431 1409 561 1497 μεγάλην
581 1409 777 1496 20000080.
814 1410 954 1477 Videtur
972 1410 1086 1476 eadem
1107 1410 1180 1488 effe,
1200 1432 1274 1497 que

92 1568 95 1574 ,
236 1511 324 1601 apud
340 1512 510 1601 Polybium
527 1513 589 1589 III.
607 1533 658 1595 14.
689 1516 875 1596 Ἐλμανιικὴ,
889 1511 976 1600 apud
990 1511 1115 1578 Livium
1131 1512 1227 1576 XXI.
1240 1531 1274 1596 5.

237 1613 455 1695 Hermandica,
474 1613 516 1681 ah
539 1613 720 1681 Hannibale
742 1627 856 1702 capta:
879 1636 977 1703 quarn
993 1614 1183 1700 interpretes
1199 1610 1273 1677 Sal-

232 1719 394 1783 mnticam
414 1715 613 1805 intelligunt,
641 1716 726 1784 recte
751 1739 811 1784 nec
836 1739 889 1798 ne,
909 1716 1046 1783 dubium
1067 1717 1124 1797 est,
1145 1714 1186 1780 de
1207 1737 1275 1802 quo

135 1852 140 1864 ι
235 1819 379 1887 videatur
393 1818 551 1885 Cellarim
562 1820 686 1906 Geogr.
697 1821 779 1887 Ant.
791 1821 831 1885 T.
842 1821 869 1884 Ι.
884 1841 918 1906 p.
930 1821 986 1903 48.
1010 1817 1273 1909 Saguntinaever·

235 1921 277 1990 tit
293 1921 487 2000 Ranutinus,
502 1943 682 2008 perperam,
697 1936 736 1987 ut
749 1920 857 1987 credo.

277 2045 312 2112 p.
329 2043 403 2112 049.
418 2025 460 2089 Α.
481 2024 673 2111 induiturus]
700 2024 868 2113 Polyaenus
882 2023 905 2089 l.
920 2045 950 2088 c.
974 2024 1158 2104 ἓκβοήσασαι.
1174 2023 1273 2089 Valc-

235 2124 388 2191 kenarius
409 2124 451 2191 ad
474 2125 658 2212 exemplum
681 2124 773 2190 suum
795 2124 956 2212 adscripfit
974 2123 1034 2213 leg.
1057 2123 1274 2205 ἑκβοηθὴσασαι.

236 2231 322 2295 Sunt
339 2239 373 2294 et
385 2226 455 2292 'aliis
469 2226 676 2312 scriptoribus
698 2227 810 2291 ufitata
831 2241 864 2291 et
887 2226 1078 2292 Plutarcho:
1094 2227 1205 2310 veluti,
1221 2229 1275 2310 ἐμ·

235 2332 305 2411 βοᾶν
320 2329 403 2395 infra
416 2351 450 2416 p.
464 2345 536 2416 259.
548 2329 594 2395 D.
616 2327 685 2396 Vtt.
700 2350 734 2415 p.
754 2329 826 2395 108.
840 2330 876 2393 F.
898 2329 975 2410 408.
990 2329 1035 2395 D.
1058 2346 1132 2415 772.
1146 2333 1182 2394 F.
1198 2347 1274 2418 971.

235 2433 282 2501 D.
304 2435 417 2519 ὂνβιᾲν,
439 2432 508 2498 Vrt.
522 2451 599 2514 420.
617 2433 657 2497 C.
680 2449 754 2520 737.
769 2436 805 2499 F.
827 2435 973 2513 ἐκβοηθεῖν,
988 2436 1075 2522 Opp.
1094 2435 1182 2501 Mor.
1199 2453 1274 2522 773.

236 2536 273 2601 Ρ.
295 2534 365 2601 Vrt.
382 2552 456 2619 007.
472 2534 516 2600 D.
538 2535 614 2622 358.
631 2534 670 2601 C.
692 2550 768 2622 550.
784 2536 827 2601 A.
850 2555 926 2622 971.
947 2536 987 2602 C.
1010 2535 1097 2626 apud
1116 2537 1195 2602 alios
1213 2560 1275 2602 no-

236 2649 323 2705 tatos
342 2636 553 2726 Weffelingio
572 2638 614 2704 ad
633 2637 734 2706 Diod.
754 2638 820 2705 Sic.
834 2640 874 2704 T.
891 2639 917 2704 I.
933 2660 965 2725 p.
983 2656 1058 2726 730.
1097 2639 1276 2728 Vulgatam

235 2737 290 2804 hic
304 2751 407 2804 tuear.

279 2861 355 2930 049.
369 2842 414 2907 A.
429 2841 565 2928 Βάνωνος]
583 2842 776 2925 Ranutinus,
788 2843 950 2911 Hannonis
961 2843 1130 2933 uprtsdam:
1144 2867 1184 2910 cx
1195 2868 1275 2910 con-

230 2942 370 3033 jectura,
385 2960 424 3012 ut
437 2945 573 3012 videtur.

281 3067 354 3136 049.
372 3050 411 3114 Β.
431 3049 480 3113 ια’.
502 3049 714 3135 ΜΙΛΗΣΙΑΙ]
742 3048 924 3136 Polyaenus,
943 3049 1041 3115 VIII.
1062 3049 1116 3134 63.
1150 3046 1275 3115 Plutar-

237 3148 319 3214 chus
332 3150 517 3235 prodiderat
531 3149 631 3215 etiam
645 3151 678 3215 in
693 3151 776 3215 libro
789 3149 893 3236 primo
906 3149 965 3237 περὶ
979 3151 1085 3237 ψυχῆς·
1110 3149 1196 3216 unde
1210 3153 1275 3215 La·

237 3250 307 3316 tine
318 3250 458 3318 reddidit
473 3251 599 3319 Gellius
613 3252 688 3319 XV.
708 3272 758 3317 ro.
775 3251 912 3317 relatum
923 3274 942 3316 a
952 3251 1044 3318 nohis
1055 3252 1088 3317 in
1102 3254 1276 3339 Fragmen-

237 3351 279 3418 tis
293 3355 397 3419 Num.
413 3354 455 3443 V.
483 3353 584 3419 Aliud
601 3375 660 3419 nec
675 3350 820 3420 diffimile
835 3354 1033 3421 Milesrarum
1048 3355 1206 3442 virginum
1224 3354 1274 3418 fa-

237 3453 329 3521 cinus
342 3454 531 3542 pudicitiam
546 3456 634 3522 suam
657 3456 824 3522 Gallorum
839 3456 972 3522 libidine
987 3470 1145 3523 tentatam
1159 3455 1274 3523 volun-

237 3558 318 3625 taria
340 3571 444 3625 morte
464 3559 654 3633 servantium
677 3573 874 3627 memoratur
898 3559 1100 3650 Hieronymo
1118 3558 1201 3627 Adv.
1216 3561 1275 3626 Jo-

238 3660 356 3727 vinian.
373 3682 407 3747 p.
421 3680 476 3747 35.
493 3663 528 3726 F.
543 3674 577 3726 et
591 3660 793 3748 Anthologia
806 3663 865 3726 Gr.
882 3663 945 3727 III.
962 3680 1014 3749 03.
1027 3681 1081 3749 09.

281 3783 356 3850 049.
370 3765 416 3831 D.
439 3762 489 3845 ιβ’.
508 3765 612 3848 ΚΙΑΙ]
637 3763 774 3830 Fortasse
791 3763 956 3851 proditum
976 3764 1076 3832 refert
1092 3767 1134 3832 ab
1152 3764 1275 3832 Aristo-

237 3864 301 3929 tele
323 3865 356 3929 in
379 3863 555 3951 Republica
577 3858 705 3945 Cior'um,
725 3888 821 3953 quam
842 3868 938 3933 verbo
957 3880 1168 3935 memoratam
1183 3867 1275 3934 novi-

192 3993 195 3997 ·
237 3987 311 4031 mus
325 3989 363 4030 01
380 3968 517 4052 Sopatro
530 3966 617 4052 apud
633 3967 785 4033 Photium
802 3966 924 4034 CLXI.
936 3991 970 4056 p.
980 3989 1058 4057 341.
1073 3972 1110 4034 F.
1125 3969 1182 4056 qui
1195 3968 1277 4036 liber

170 4146 194 4159 μ’
236 4066 415 4134 Aristotelis
436 4067 522 4133 idem
545 4068 605 4134 effe
626 4068 751 4137 videtur
772 4083 870 4159 atque
893 4070 919 4136 is
939 4094 1036 4159 quem
1057 4071 1114 4138 sub
1131 4070 1276 4159 ejusdem

235 4168 377 4235 sudoris
394 4171 525 4238 nomine
543 4171 623 4238 citat
637 4173 811 4240 Scholiasta
824 4174 991 4261 Apollonii
1006 4173 1114 4241 Rhod.
1131 4176 1158 4239 l.
1175 4190 1274 4262 1177:

235 4277 347 4341 Κιανῶν
368 4273 506 4342 πολιτεία.
552 4275 623 4342 eim
643 4276 766 4366 Myfiae,
779 4277 855 4344 urbs
872 4275 921 4343 ad
944 4276 1148 4366 Propontidis
1173 4277 1275 4343 smum
