2714 4770
322 391 378 450 DE
401 391 508 450 1S11>1=2
528 390 581 448 ET
601 389 777 448 osntlnn.
799 409 827 468 p.
842 404 911 467 354.
925 390 957 447 F.
1084 388 1136 447 ιῦι

97 550 126 615 Ι.
148 572 181 637 p.
200 571 277 637 303.
300 551 340 630 C,
364 552 415 616 D:
447 554 594 638 ἱστορεῖται
616 552 643 614 Ii
666 549 835 638 Πυθαγόρας
860 551 911 633 μ’πν
936 549 1076 645 Σάγχηδι
1101 554 1142 636 τῷ

95 654 245 740 Αόγνττόιρ
274 655 468 742 άρχιπροφόητη
493 655 674 736 μαδητιῡσαι·
705 654 832 717 Πλάτων
857 654 884 717 δὲ
909 653 1074 741 Σνχνοόφιδι
1101 653 1144 741 τῷ
1225 642 1229 648 “

93 756 291 843 Ἡλιοπολόηη.
336 754 452 835 Εὔδοξος
477 758 504 820 δὲ
527 762 540 818 ό
564 755 669 832 Κνιδιος
693 756 835 838 Κονοόφιδι
856 762 896 842 τῷ
917 758 965 819 καὶ
986 759 1063 842 αὐτῷ
1085 759 1140 820 AI·

92 858 219 945 γυππόῳ.
266 859 457 924 Plutarchus
478 858 510 922 in
534 858 653 924 Solone
674 881 706 945 p.
719 877 774 946 92.
790 861 837 922 E:
857 859 956 946 χρόνον
970 857 998 923 tt
1011 885 1076 924 τινα
1091 861 1139 923 καὶ

95 966 152 1038 τοῖς
168 963 228 1049 περὶ
250 960 372 1045 Ψόνοιφιν
385 964 431 1025 τδν
446 962 674 1040 Ἡλιουπολίτην,
689 963 737 1025 καὶ
752 961 875 1057 Σάγχιν
893 961 940 1026 τόν
953 963 1073 1042 Σαΐτην,
1092 976 1142 1027 λο·

97 1064 245 1151 γιοιτάτοις
260 1063 321 1128 ονἰσι
338 1073 393 1129 τῶν
408 1064 496 1153 iegitur
510 1063 752 1150 συνιφόλοσόφησε.
796 1066 848 1131 De
864 1063 1000 1130 Eudoxo
1014 1063 1142 1152 Dioge·

97 1188 155 1231 nes
176 1167 286 1232 Laert.
307 1167 405 1233 VIII.
426 1165 698 1254 9οε-συιιγόνετο
724 1170 751 1229 ἐν
774 1167 911 1253 Ammo
934 1166 1078 1249 Χονούφιδι
1101 1170 1142 1252 τῷ

96 1269 353 1357 Ἠλιουτολίτη-·
376 1270 417 1334 fic
438 1269 525 1334 enirn
547 1263 606 1356 pr'o
622 1267 753 1355 Ἰχόιυφυ
773 1269 858 1334 τεᾶο
873 1267 1007 1357 corrigit
1022 1268 1142 1334 Mene·

97 1370 184 1458 gius,
212 1372 267 1460 qui
297 1372 491 1438 consulatur.
536 1372 650 1437 Eidem
672 1394 803 1460 operam
830 1371 947 1438 dedisse
974 1372 1141 1438 Platonem

97 1473 207 1539 scribit
230 1475 418 1541 Plutarchus
437 1477 488 1540 De
507 1475 614 1540 Genio
630 1476 753 1541 Socrat.
769 1473 937 1540 Simmiam
955 1487 1140 1540 narrantem
1160 1552 1165 1557 ,

98 1575 230 1657 facienti,
255 1599 288 1665 p.
302 1579 379 1663 578.
397 1579 436 1647 F:
460 1577 643 1665 Ἀγητορόδας
657 1583 670 1641 ό
685 1577 864 1663 Σπαρτιάτης
883 1577 946 1656 ἧκον
970 1581 1007 1652 εἰς
1025 1574 1143 1660 Μέμφιν

97 1680 133 1754 ὥς
148 1680 280 1763 Χόνουφιν
293 1680 339 1744 τόν
352 1681 487 1768 προφήτην
502 1683 522 1723 *
538 1680 558 1722 *
574 1681 593 1722 ⁴⁹
607 1682 673 1744 mi
692 1687 959 1762 συμφιλοσοφοῦντες
973 1679 1142 1767 διετρόβομιν

99 1781 157 1866 όγιδ
179 1783 227 1846 καὶ
248 1782 375 1845 Πλάτων
397 1781 444 1845 zai
464 1780 624 1857 Ἔλλοπόυιν
643 1781 854 1868 όΠιπαρήόιος·
876 1780 925 1859 inu
940 1781 967 1846 δὲ
980 1780 1143 1864 πέμψαντος

97 1884 238 1963 βασιλόιυς
258 1886 307 1948 καδ
328 1883 507 1959 κιλιόσαντος
528 1887 576 1948 τόν
598 1882 742 1963 Χόνουφιν,
758 1883 783 1947 ri
798 1910 825 1948 τι
843 1883 1009 1967 συμβάλλοι
1022 1893 1076 1949 τῶν
1090 1909 1144 1970 γι·

99 1985 281 2074 γραμμόνουν,
301 1984 504 2070 ὃρμηνεόσαντοι
519 1984 634 2071 ’ταχίους
652 1988 818 2049 ἀποστεῖλαι
835 2012 864 2047 κ.
879 2010 908 2048 τ.
924 2000 954 2047 λ.
998 1983 1144 2051 Nomina

101 2087 249 2176 Omphis,
270 2087 448 2176 Οόουαφόίσ,
463 2087 652 2176 Ichonuphis,
683 2084 846 2176 Psenupbis
873 2085 986 2151 eadem
1013 2087 1086 2165 effe,
1110 2100 1145 2153 et

101 2190 238 2255 cultorem
264 2190 313 2255 dei
338 2190 511 2278 fignificare
533 2189 630 2255 docet
654 2188 856 2256 Jablonikius
882 2188 915 2254 in
942 2188 1143 2256 Collestione

102 2295 229 2373 Vooum
246 2293 512 2381 AEgyptiacarum
529 2314 561 2378 p.
573 2311 650 2377 413.

143 2413 219 2483 354.
236 2397 272 2459 E.
292 2395 464 2478 μάλισταδέ
480 2394 756 2483 οὗτος-δόγματα]
785 2396 983 2485 Pythagoras
998 2395 1031 2462 in
1047 2395 1086 2462 IIS
1100 2397 1144 2462 est

100 2496 142 2562 de
157 2496 273 2584 quibus
289 2496 421 2562 minime
437 2496 570 2563 dubium
585 2499 623 2563 fit
637 2498 714 2586 quin
730 2498 761 2563 in
779 2501 926 2586 AEgypto
944 2499 1088 2564 fuerint:
1109 2511 1144 2563 et

100 2600 195 2664 multi
218 2599 309 2666 testes
329 2601 402 2665 sunt
422 2615 456 2665 et
475 2599 648 2666 similitudo
669 2600 823 2666 dottrinae
845 2601 954 2680 exstat,
972 2615 1048 2666 cum
1068 2599 1144 2666 reli·

100 2726 186 2789 que,
212 2716 283 2767 tum
306 2701 501 2790 symbolicae,
524 2702 565 2768 de
587 2725 653 2790 quo
672 2716 865 2790 argumento
892 2703 1020 2771 monuit
1047 2705 1143 2768 Jam-

100 2803 228 2869 blichus
239 2804 309 2868 Vit.
327 2803 465 2890 Pythag.
481 2804 512 2886 ξ.
527 2823 598 2889 103.
613 2816 648 2867 et
661 2802 715 2867 aIii
729 2802 819 2868 citati
831 2803 1014 2869 Jablonskio
1027 2803 1143 2869 Ponth.

101 2906 180 2992 AEg.
199 2905 324 2992 Proleg.
341 2925 374 2991 p.
389 2906 459 2969 118.
474 2904 540 2991 seq.
574 2904 711 2972 Correo.
727 2906 811 2969 Voc.
826 2906 906 2993 AEg.
923 2927 956 2990 p.
967 2922 1044 2991 357.

142 3026 219 3094 354.
237 3009 273 3072 F.
292 3011 347 3087 'Mi
368 3006 463 3071 ἐσόόειν
482 3008 524 3070 ότδ
543 3006 706 3093 δίφρου-ἐν
724 3006 811 3095 οἰκίᾳ]
838 3010 886 3072 Ex
900 3007 951 3072 his
966 3006 1144 3073 secundum

99 3128 134 3179 et
152 3128 301 3201 quartum
321 3112 532 3201 cognovimus
548 3135 581 3200 p.
596 3132 647 3180 ιο.
663 3114 708 3194 Ι),
726 3117 763 3178 E.
781 3113 922 3201 primurn
943 3127 978 3179 et
998 3113 1143 3197 tertium,

101 3238 165 3280 non
188 3214 265 3280 alibi
285 3227 475 3294 memorata,
498 3234 537 3280 ex
556 3214 619 3280 hoc
638 3214 712 3280 Ioco
728 3214 870 3301 reposuit
884 3214 1047 3281 Stanleius
1062 3215 1145 3285 Hit.

103 3319 219 3389 Philos.
234 3320 330 3384 VIII.
345 3341 379 3402 4.
396 3341 429 3406 p.
443 3320 518 3406 798,
535 3339 610 3405 799.

144 3408 220 3507 354.
237 3423 272 3485 F.
287 3424 335 3499 τὴν
348 3420 608 3506 μονάδα-κάρδον]
630 3419 786 3486 Videatur
800 3421 830 3485 in
847 3421 911 3487 hoo
926 3423 1010 3487 libro
1025 3444 1059 3509 p.
1067 3422 1144 3509 381.

35 3533 40 3542 ‘
101 3524 142 3601 E,
161 3526 194 3586 F.
233 3522 285 3586 De
300 3528 340 3585 EI
356 3522 518 3609 Delphico
534 3544 566 3610 p.
575 3543 653 3609 393.
669 3524 705 3586 B.
740 3523 945 3589 Iamblichus
962 3525 1142 3590 Commen-

101 3640 161 3690 ινιτ.
182 3623 215 3688 in
236 3623 428 3688 Nicomach.
444 3646 476 3712 p.
492 3646 549 3707 14:
574 3628 626 3693 Διό
648 3630 697 3703 τὴν
715 3626 822 3708 μονάδα
842 3624 959 3712 άτροπόν
977 3654 1007 3690 τε
1027 3626 1076 3691 nai
1089 3628 1144 3689 ’A-

100 3728 232 3791 πόλλωνα
251 3726 299 3789 καὶ
324 3724 405 3814 ἕτερα
425 3734 552 3791 τοιαῦτα·
574 3730 623 3806 τὴν
645 3727 673 3791 δὲ
694 3727 780 3791 δυάδα
795 3725 869 3791 Ἶσόν
890 3754 921 3792 τε
944 3729 992 3791 καὶ
1008 3727 1146 3824 Ἀρτεμιρ

100 3834 177 3894 κατὰ
191 3829 332 3914 ἀνάλογον
347 3834 370 3892 οἳ
385 3829 573 3915 Πυθαγορικοὶ
588 3829 769 3913 όπυνόμαξον·
788 3829 842 3894 ubi
858 3828 1001 3895 videatur
1011 3832 1145 3899 Tennu·

102 3933 164 3999 Iius
179 3956 212 4021 p.
226 3935 278 4019 98.
308 3930 376 3997 Vit.
394 3930 569 4020 Pythagor.
586 3933 702 4016 §.146‚
719 3951 791 4016 147.
826 3931 981 4020 Porphyr.
1002 3935 1054 4000 De
1074 3935 1145 4001 Ab·

101 4037 171 4101 stin.
188 4037 234 4100 11.
249 4037 303 4121 36.
332 4033 401 4098 Vit.
421 4033 595 4121 Pythagor.
615 4034 647 4122 §.
658 4052 713 4122 50.
751 4033 906 4121 Scriptor.
924 4034 1145 4126 Theologum.

101 4138 246 4203 Arithm.
262 4134 348 4222 apud
365 4134 516 4199 Photium
532 4134 616 4201 Cod.
634 4136 852 4201 CLXXXVI.

143 4260 163 4328 3
165 4261 220 4326 54.
237 4242 274 4305 F.
290 4239 338 4303 nai
352 4235 494 4323 δρωμένοις
508 4242 537 4317 νὴ
552 4237 624 4327 Δία]
651 4240 728 4304 1)υο
745 4238 850 4325 priora
864 4240 1021 4305 vocabula
1035 4240 1145 4307 delen·
1251 4299 1254 4303 .

100 4342 144 4407 da
158 4340 282 4408 censuit
297 4340 449 4422 Reiikius‚
466 4354 504 4406 ut
518 4352 594 4406 nata
608 4363 648 4406 ex
661 4341 866 4407 antecedenti
880 4343 1037 4431 ἱδρυμένοις.
1082 4344 1146 4410 At-

597 4467 620 4509 N
636 4464 657 4532 3
