2714 4770
323 348 378 408 DE
400 348 507 408 lemn
520 349 581 413 ,ΕΤ
599 348 776 409 OSlRlDll.
797 369 825 431 p.
839 350 908 427 356.
923 351 962 421 Ι),
976 351 1012 411 Ε.
1132 354 1190 430 ι89

149 509 182 571 in
213 507 350 600 Diodori
374 509 439 573 Sic.
465 505 654 575 narratione
670 510 696 573 l.
715 510 765 575 18.
809 509 965 577 Videatur
988 511 1191 579 Jablonsstiut

151 609 266 676 Panth.
282 612 318 676 P.
335 613 362 676 Ι.
378 633 412 699 p.
425 632 478 698 90.
495 612 559 698 seq.
598 610 737 678 Colleol.
753 613 837 696 voc.
854 615 932 702 AEg.
949 636 982 702 p.
994 635 1072 702 395.
1109 618 1190 681 Lur-

149 711 266 777 cherus
280 713 322 778 ad
337 713 461 779 Herod.
478 715 522 779 ll.
535 734 590 799 91.

190 832 210 897 3
212 816 267 898 56.
284 815 329 879 D.
352 819 481 891 Πανικὰς
498 815 764 902 προσαγοριύεσθαι]
791 814 951 881 Mendum
966 817 1192 904 Stephanienoe

148 916 386 1004 eporayapulrler
402 917 435 981 in
451 918 587 982 nostram
603 916 778 983 editionem
793 916 892 983 venit.
926 917 1024 1006 Quod
1045 918 1192 1006 Squiriut

150 1015 356 1103 reprehendit
379 1017 586 1084 Plutarchum
609 1019 694 1106 quasi
717 1019 880 1085 dicentem
892 1020 938 1101 *ab
952 1021 1114 1109 AEgyptiis
1127 1019 1194 1086 illos

149 1130 268 1182 terrores
283 1121 389 1215 eodem,
406 1125 462 1210 qu'o
475 1147 496 1185 a
513 1121 642 1201 Grecis,
665 1119 780 1186 nomine
799 1123 928 1196 πανικοὺς
947 1123 1104 1205 nominari,
1120 1146 1193 1210 per·

150 1244 261 1309 perant
283 1224 345 1287 est:
370 1225 500 1290 nomine
520 1224 584 1290 alio
603 1224 700 1290 dudio
715 1248 734 1290 a
749 1224 879 1290 nomine
896 1225 971 1306 Dei,
988 1226 1043 1312 qni
1059 1228 1193 1292 Graeco·

151 1349 223 1391 rum
240 1326 316 1391 Pani
330 1327 530 1413 respondeat,
546 1328 622 1393 item
640 1330 680 1393 ab
695 1323 863 1415 AEgy'ptiis
877 1327 950 1393 illos
965 1344 1100 1393 terrores
1114 1350 1194 1416 cog·
1238 1357 1241 1364 ’

152 1428 311 1495 nominari
334 1430 498 1518 fignificat.
543 1433 620 1496 Non
640 1429 771 1519 quidem
790 1444 920 1495 tuemur
934 1432 1082 1495 Graecam
1097 1432 1193 1496 sabu-

151 1532 216 1597 lam
231 1532 270 1597 de
285 1534 368 1611 Pane
383 1534 542 1599 exercitus
557 1533 677 1599 Bacchi
693 1532 859 1621 praefedio,
870 1547 1081 1598 memoratam
1098 1533 1195 1622 Poly-

153 1656 225 1699 aeno
244 1637 271 1701 Ι.
294 1655 324 1701 2.
352 1659 456 1724 neque
483 1636 556 1703 ideo
580 1636 703 1701 utimur
727 1635 859 1700 laudata
882 1634 1010 1722 Squirio
1031 1636 1194 1724 etymolo-

151 1732 206 1820 gia
222 1735 383 1801 Hebraica
391 1736 544 1802 Bocharti
557 1745 608 1841 pn
622 1737 738 1817 terreri,
750 1738 863 1816 timere,
873 1735 1003 1825 quando
1015 1737 1048 1802 in
1063 1751 1195 1823 promtu

153 1837 197 1901 est
210 1837 324 1913 ‚nativa
344 1852 379 1904 et
401 1839 516 1904 Graeca
536 1840 611 1919 reio,
630 1843 727 1928 pasco,
751 1840 878 1905 fortelse
900 1840 1005 1926 postea
1025 1840 1157 1905 invento
1174 1858 1196 1924 φ

153 1962 230 2005 cum
254 1940 328 2023 pta,
352 1941 430 2023 pata
453 1943 527 2022 dico,
552 1943 641 2022 luceo,
665 1943 957 2023 communicatum,
977 1941 1064 2008 unde
1090 1950 1196 2027 φαῦνοι,

141 2041 255 2130 fauni,
269 2065 409 2129 quorum
425 2044 498 2108 sunt
513 2067 606 2109 voces
621 2066 660 2109 ex
674 2044 805 2110 occulto
818 2043 935 2109 milsae:
958 2041 1048 2131 quod
1070 2044 1196 2108 notavi·
1280 2064 1286 2071 ⁴

155 2166 228 2209 mue
243 2143 401 2209 Bibliotb.
417 2145 500 2211 Crit.
517 2145 592 2212 Vol.
611 2148 674 2212 lll.
693 2148 777 2213 Part.
794 2149 821 2211 Ι.
837 2168 871 2233 p.
884 2149 937 2211 60.
983 2147 1027 2211 Et
1043 2134 1106 2213 hoc
1125 2146 1198 2212 loco

154 2260 189 2312 et
202 2247 330 2313 Defeet.
346 2248 442 2314 Orac.
459 2269 493 2335 p.
504 2268 579 2335 419.
597 2248 638 2314 C.
684 2251 765 2315 Pani
781 2250 825 2314 vis
839 2249 967 2314 vocandi
980 2248 1181 2338 adjungitur.

196 2352 273 2438 356.
295 2351 340 2415 D.
363 2349 427 2415 deon
448 2357 482 2439 τῇ
506 2351 584 2415 πόλει
608 2351 697 2441 μέχρι
722 2359 765 2417 νῦν
790 2352 875 2437 ὄνομα
897 2351 1027 2440 Romul]
1056 2352 1197 2419 Belikius

132 2452 386 2540 -expeditiorem
408 2453 540 2519 reddere
559 2454 822 2541 compofitionem
846 2453 951 2520 studet
972 2454 1112 2542 legendo
1133 2452 1199 2519 deon

154 2555 233 2630 πόλις
246 2553 262 2642 ᾗ
275 2554 363 2642 μέχρι
376 2580 400 2617 ν.
413 2555 438 2619 ὅ.
456 2561 497 2619 K.
529 2555 577 2620 At
592 2578 657 2620 non
674 2555 775 2621 solum
790 2555 956 2642 impedita,
967 2556 1021 2621 sed
1035 2569 1069 2621 et
1084 2578 1199 2622 manoe

155 2656 281 2722 videtur
301 2655 488 2750 compontio
507 2670 541 2721 et
554 2656 679 2743 aliquot
694 2656 924 2721 vocabulorum
941 2656 1102 2745 jaduram
1122 2679 1198 2743 pro-

156 2759 248 2838 den8‚
268 2757 394 2822 lortalse
408 2757 454 2821 ita
469 2757 680 2843 supplendam
696 2755 844 2822 aletreta
859 2759 887 2821 di
900 2762 928 2820 it
941 2763 977 2844 τῇ
989 2758 1068 2822 πόλει
1081 2755 1098 2844 ᾗ
1110 2756 1199 2846 μὲχρι

103 2862 105 2868 “
156 2890 181 2927 e.
197 2861 223 2925 ὅ.
239 2867 280 2926 Κ.
326 2858 379 2924 Sic
400 2871 433 2924 et
449 2858 644 2925 antecedens
657 2861 708 2943 μὶν
729 2860 902 2924 habebitli
919 2859 1007 2947 quod
1021 2861 1052 2924 ei
1067 2860 1198 2947 respon·

156 2964 244 3043 deat,
267 2977 301 3028 et
322 2961 531 3051 etymologiae
554 2962 677 3027 mentio
698 2961 842 3041 exstabit,
857 2983 956 3049 quam
975 2961 1107 3029 alterius
1126 2979 1200 3050 ety-

158 3064 311 3154 mologiae
325 3064 448 3131 mentio
464 3064 637 3131 desiderat:
661 3078 695 3130 et
709 3064 866 3130 sententia
880 3064 954 3144 erit,
969 3064 1084 3130 dicitur¹
1096 3065 1201 3131 ibidem

158 3169 191 3234 in
216 3168 347 3235 Chemmi
368 3168 566 3233 cincinnorum
587 3193 680 3232 unum
703 3168 853 3257 deserusse
873 3180 902 3232 et
921 3167 1026 3255 vestem
1047 3152 1224 3257 lugubres

158 3273 292 3361 indm‘ffe,
308 3272 458 3362 planerffe
475 3285 574 3337 autem
590 3271 623 3335 t'n
640 3272 714 3336 urbe
728 3272 868 3360 hodieque
889 3272 971 3337 dieta
995 3272 1103 3360 Copto.-
1126 3272 1203 3337 Hoc

160 3379 296 3443 refertur
312 3377 354 3443 ad
374 3378 566 3443 Graecorum
588 3374 787 3463 opinionem,
811 3396 929 3440 nomen
954 3374 1041 3440 urbis
1063 3373 1165 3462 Copti
1181 3396 1202 3439 e

160 3480 308 3546 nt'rrrroiar
331 3481 473 3568 plangere
493 3479 722 3567 repetentium.
766 3478 913 3543 Alteram
938 3500 959 3542 a
984 3477 1104 3556 rederent,
1130 3480 1201 3549 det·

161 3588 278 3672 στεςιῑν,
292 3597 331 3648 ut
345 3582 577 3669 AEgyptiacam
596 3579 983 3657 memoratPlutarehus,
999 3601 1059 3645 nec
1077 3577 1202 3643 addita·

162 3702 312 3752 mentum
332 3684 518 3750 Marklandi
531 3683 672 3762 Ἕλληνες
693 3681 918 3771 probandum3
943 3702 1140 3769 quamquam
1162 3679 1204 3747 de

161 3788 260 3878 hujus
280 3786 471 3876 AEgyptiaci
495 3787 583 3855 verbi
606 3785 732 3874 origine
753 3798 787 3850 et
808 3784 1036 3872 fignificatione
1058 3781 1203 3848 nondum

162 3893 284 3960 constat
299 3891 383 3956 inter
396 3889 508 3956 dottos
522 3889 684 3969 homines,
698 3910 837 3976 quorum
857 3887 1027 3973 opiniones
1041 3908 1205 3952 memore·
1234 3952 1239 3963 ,

163 3995 209 4060 vit
230 3992 454 4060 eruditiffimus
478 3992 581 4056 noller
597 3993 784 4056 Tewaterus
797 3990 830 4054 in
845 3987 1002 4055 Audario
1016 3988 1058 4054 ad
1070 3987 1206 4055 Jablon·

164 4096 373 4163 lkiicolleu.
390 4097 474 4161 Voc.
489 4096 568 4182 AEg.
585 4117 617 4182 p.
629 4114 705 4181 435.
721 4095 785 4181 seq.
1090 4161 1093 4166 ,

206 4202 283 4288 356.
303 4204 342 4266 E.
364 4197 601 4286 παιδάρια-ταῖς
621 4197 725 4261 τούτων
746 4196 903 4262 ὀττεύεσθαι
925 4194 1053 4282 κληδόσι]
1080 4196 1128 4261 Ut
1150 4194 1207 4261 suo
1242 4213 1246 4221 ’
1282 4210 1285 4218 “

167 4315 312 4393 tempore
333 4302 441 4369 adhue
459 4301 572 4389 vigent
591 4299 761 4368 oraculum
784 4312 891 4366 narrat
915 4298 981 4366 Dio
1007 4297 1122 4387 Chrys.
1148 4297 1205 4365 Or.
