2714 4770
282 369 548 444 ouasnonos
561 363 772 437 'nonanis
793 397 822 455 p.
839 378 904 455 2⁸9.
919 377 1058 456 n-290.
1072 379 1107 438 n.
1169 370 1208 458 55‘

177 539 235 603 Gr.
257 561 290 626 p.
312 556 405 626 1215.
427 541 524 624 ἴστωρ,
538 549 693 618 narrator,
709 535 835 602 videtur
851 534 948 625 hujus
970 539 1116 603 vocabuli
1135 538 1208 605 fons

175 640 253 705 effe:
277 641 364 728 quod
385 640 509 707 fortasse
531 641 655 707 Voffius
677 640 710 704 in
731 640 873 726 Etymol.
895 642 934 705 L.
954 643 1024 706 Lat.
1043 664 1108 706 non
1128 643 1207 708 item

174 748 213 808 ut
228 744 334 810 Isidori
351 745 535 810 historiones
550 745 785 831 improbaturus
799 743 916 808 fuisset.
945 746 997 811 De
1013 746 1116 812 Clanio
1128 747 1208 834 Rufo

170 845 320 932 historico
330 847 399 933 egit
413 845 497 910 idem
512 846 638 939 Voffius
651 847 702 911 De
718 845 800 910 Hist.
815 848 888 915 Lat.
900 847 927 909 l.
941 864 993 930 27.
1022 849 1204 917 maionem

171 949 233 1023 τοὺς
248 949 307 1034 περὶ
323 946 453 1012 Διόνυσον
465 947 608 1034 τεχνίτας,
623 948 826 1035 exposuimus
840 970 874 1033 p.
891 950 944 1031 87.
963 951 998 1014 F.

215 1050 287 1136 289.
311 1051 353 1114 D.
377 1049 443 1138 giss]
474 1048 600 1115 Gradus
624 1051 658 1114 in
682 1049 835 1138 conjugio
861 1049 1013 1136 prohibiti
1034 1051 1068 1116 in
1089 1055 1204 1143 vulgus

171 1151 260 1215 notis
285 1152 396 1216 caull'ae
410 1175 430 1218 a
442 1152 565 1235 multis,
581 1153 639 1218 five
654 1153 751 1232 redte,
766 1152 826 1217 live
841 1151 942 1232 secus,
958 1151 1104 1219 redditae.

214 1252 286 1339 289.
302 1255 342 1318 E.
358 1252 423 1341 pl]
442 1248 566 1320 Gellius
577 1255 622 1319 X.
637 1275 687 1344 ¹5·
698 1275 739 1318 ex
751 1253 893 1319 Masurio
904 1254 1039 1320 Sabino:
1059 1256 1203 1324 Farinam

156 1355 306 1442 fermento
329 1357 468 1421 imbutam
489 1357 634 1444 attingere
654 1360 692 1437 ri,
719 1355 867 1440 (Flamini
884 1354 984 1439 Diali)
995 1357 1054 1443 fas
1073 1363 1202 1448 nonest:

166 1458 375 1546 conjunbtum
392 1458 470 1523 facit
482 1459 569 1545 quod
585 1459 756 1524 Plutarcho
778 1457 974 1546 disjunclum
989 1462 1031 1526 est
1043 1463 1201 1549 ἀλεύρου-

164 1561 223 1624 otili
239 1561 334 1645 ζύμης.
379 1561 483 1625 Poetae
497 1561 657 1644 μυλήφατον
671 1561 715 1625 est
729 1559 839 1649 Odyff.
854 1565 891 1624 Β.
905 1576 982 1646 355.

206 1661 281 1748 289.
299 1654 408 1747 Ἆρά]
433 1661 573 1749 Quaestio
592 1661 765 1749 conjunbia
785 1660 894 1748 priori,
917 1684 975 1727 nec
997 1662 1087 1745 alibi,
1111 1669 1199 1755 quod

163 1762 270 1843 sciam,
293 1777 482 1842 memorata,
500 1762 554 1827 niti
577 1765 672 1829 verbo
691 1763 777 1849 apud
795 1762 937 1829 Gellium
955 1766 999 1830 X.
1020 1786 1028 1827 r
1035 1783 1068 1852 5.
1083 1790 1122 1832 ex
1136 1773 1197 1842 Fa·
1287 1795 1293 1812 ’

160 1865 216 1931 bio
232 1865 366 1930 Pidore.
458 1887 461 1893 ·

170 1972 173 1977 ’
204 1990 238 2055 p.
259 1988 332 2055 290.
351 1972 394 2033 A.
412 1969 492 2056 profi]
518 1969 642 2035 Gellius
661 1969 800 2034 ibidem:
825 1983 945 2057 capram
966 1986 994 2035 ct
1012 1963 1198 2040 carnem'irr·

128 2146 132 2152 .
161 2079 420 2160 cottam-neque
439 2086 563 2159 tangere
584 2071 676 2136 Diali
695 2095 752 2135 mos
773 2071 811 2155 est
832 2097 922 2162 neque
941 2074 1102 2139 nominare.
1145 2079 1198 2144 De

162 2194 266 2259 capra
288 2174 510 2241 attritionibus
531 2188 643 2240 notum
659 2173 797 2259 estillud
812 2174 964 2238 Varronis
979 2177 1031 2240 De
1045 2179 1092 2241 Re
1109 2179 1195 2245 Rust.

160 2276 206 2339 II.
220 2295 254 2361 3,
268 2292 289 2362 5
303 2303 310 2341 :
334 2291 437 2364 capras
448 2279 547 2366 scarras
565 2301 645 2342 armo
655 2278 754 2363 straus
765 2275 907 2363 promittit
913 2302 926 2355 ,·
948 2302 1105 2367 numquam
1119 2283 1195 2346 eninr

147 2378 395 2465 staefebrisunt5
416 2381 473 2446 ubi
488 2380 632 2445 videatur
646 2378 778 2444 Urlmus
795 2393 828 2442 et
840 2377 1095 2466 Schoettgenius.
1140 2386 1194 2451 De

158 2481 263 2567 capris
282 2496 315 2547 et
329 2483 399 2548 aliis
418 2482 608 2548 animalibus
623 2483 736 2547 morbo
750 2480 904 2546 comitiali
918 2482 1076 2564 obnoxiis,
1091 2486 1192 2551 Dale·

157 2583 303 2669 campius
324 2595 358 2648 et
380 2584 569 2650 Harduinus
590 2583 631 2649 ad
654 2583 747 2648 Plinii
770 2584 815 2647 H.
838 2582 883 2648 N.
907 2584 951 2647 X.
969 2603 1023 2670 33.
1068 2585 1192 2653 Canem
1218 2592 1222 2599 ’

156 2681 317 2750 νίἃὶιηαω
340 2684 621 2750 animadvertimus
636 2685 758 2750 Ouaest.
774 2687 869 2751 Rom.
885 2684 938 2764 νβ.
952 2688 997 2762 fn.
1014 2708 1048 2771 p.
1060 2702 1134 2771 277.
1146 2688 1191 2767 A,

156 2785 194 2849 Β.
208 2787 283 2850 280.
293 2787 333 2851 C.
360 2787 435 2851 Deli
449 2788 536 2851 nefas
551 2801 618 2851 erat
633 2808 746 2851 canem
760 2786 863 2849 alere:
888 2787 1003 2850 Strabo
1013 2787 1056 2850 X.
1068 2809 1101 2874 p.
1115 2805 1190 2875 740.

154 2887 204 2951 D:
221 2891 269 2950 οὐκ
286 2888 388 2966 ἔξεστιν
403 2891 429 2951 ii
442 2890 498 2951 οὐδὲ
508 2893 539 2950 ἐν
552 2890 637 2973 Δήλῳ
650 2887 765 2972 τρέφειν.
789 2886 985 2955 Sacrificium
997 2909 1113 2954 canum
1126 2894 1189 2957 La·

155 2988 341 3055 cedaemone
362 2991 542 3056 fadiitatum
564 2988 711 3054 meminit
730 2989 887 3053 Meurfius
908 2987 943 3052 in
965 2985 1108 3057 Miscell.‘
1124 2996 1189 3059 La·

154 3114 228 3156 con.
244 3114 278 3179 p.
296 3111 347 3158 20.
391 3090 446 3156 Ad
468 3104 583 3156 caetera
601 3088 753 3155 Flaminis
767 3089 870 3156 Dialis
890 3113 1021 3156 munera
1037 3093 1188 3162 hocloco

152 3208 331 3260 memorata
351 3194 490 3282 pertinet
509 3194 588 3259 item
609 3192 733 3258 Gellius
747 3193 791 3256 X.
810 3213 860 3279 15.
875 3215 916 3258 ex
930 3194 1028 3259 Fabio
1044 3195 1186 3266 l’itiore:

150 3297 284 3362 vinctam
293 3299 328 3384 fi
348 3297 428 3362 ades
447 3297 508 3383 q'us
526 3295 680 3373 introierit,
688 3293 774 3381 solvi
792 3296 931 3381 aecqffum
944 3294 1002 3378 est:
1024 3308 1052 3359 et
1064 3298 1186 3364 viac'ula

149 3414 204 3486 per
217 3398 393 3486 impluvium
409 3399 440 3461 ia
455 3398 570 3488 tegulas
574 3397 701 3486 subduci
715 3409 801 3484 atqua
814 3394 974 3482 iadrforas
988 3397 1020 3461 ia
1032 3399 1116 3464 viam
1131 3403 1185 3466 dr·

151 3501 240 3565 mitti.
268 3501 323 3565 Ad
342 3501 463 3566 ledium
483 3500 563 3587 ejus,
581 3497 867 3578 κλινίδιον-κείμενον
883 3500 909 3560 ir
922 3502 962 3584 τῷ
976 3501 1066 3586 θυρῶνι
1080 3507 1128 3578 τῆς
1142 3508 1183 3566 ol·

148 3601 224 3681 κῖας,
243 3599 331 3687 quod
348 3602 393 3670 ait
413 3601 612 3680 Plutarchus,
627 3598 751 3664 fortalle
764 3599 846 3663 valet
860 3597 948 3663 idem
967 3600 1057 3665 Fabii
1078 3600 1183 3665 ritto-

150 3701 204 3783 ris,
214 3704 303 3791 pedes
316 3702 383 3767 teat
400 3705 432 3768 ia
449 3728 504 3792 qno
524 3704 619 3783 cubat,
634 3702 695 3766 luto
714 3701 791 3766 tenui
804 3700 974 3765 airarmlitos
988 3702 1043 3789 ff
1055 3715 1162 3789 oportet
1169 3728 1183 3782 ,·

148 3803 269 3869 scilicet
296 3803 541 3871 adventantibus
566 3802 600 3873 in
631 3817 763 3890 promtu
789 3804 915 3889 positos,
943 3804 1083 3890 indeque
1111 3803 1182 3881 luto

149 3906 291 3972 affedios.
339 3908 398 3971 Pro
419 3910 467 3971 tari
486 3915 534 3972 τοῦ
548 3906 675 3994 στέγους,
689 3908 728 3970 Ε.
743 3907 860 3971 Venet.
877 3906 943 3969 Pet.
960 3903 1039 3969 dant
1052 3906 1118 3995 ὑπὲρ
1132 3915 1181 3971 τοῦ

147 4008 275 4095 στέγους,
291 4010 420 4076 redtius.
1211 4078 1214 4086 .

192 4131 265 4199 290.
279 4114 318 4177 E.
332 4112 414 4200 ριβ’.]
440 4113 578 4179 Pertinet
596 4114 662 4179 huc
677 4111 766 4177 Fabii
782 4111 912 4178 Pistoris
927 4111 949 4175 l.
964 4133 998 4175 c:
1021 4113 1138 4176 ederam
1153 4126 1182 4175 et

137 4214 248 4301 fabam
263 4240 353 4304 neque
367 4227 487 4305 tangere
501 4214 591 4280 Diali
604 4239 661 4280 mos
674 4214 711 4302 est
724 4239 816 4303 neque
828 4213 993 4278 nominare:
1004 4213 1181 4302 propagines

148 4318 284 4383 coitibus
297 4317 389 4384 altius
400 4331 555 4406 pratentos
568 4318 768 4407 noasuccidet.
785 4316 841 4382 ubi
855 4316 976 4405 Lipsius
992 4315 1176 4402 Elebtorutn

542 4435 545 4444 .
636 4441 657 4484 Ε
672 4441 695 4501 4
