2714 4770
157 390 1190 437 Μ

233 797 236 801 ·
382 736 959 914 PuAErArro.
1039 755 1042 758 ’

534 1123 811 1176 ...φ-..-

149 1344 392 1467 Maonun
412 1388 475 1454 fut
496 1385 664 1475 ingenium
688 1383 863 1467 Plutarchi,
884 1406 1001 1474 magna
1023 1383 1193 1452 arremari

149 1492 309 1559 subtilitas
322 1507 359 1558 et
371 1490 544 1581 elegantia,
561 1489 739 1556 divinarum
756 1511 830 1556 vero
845 1488 1125 1577 humanarumque
1140 1510 1193 1557 re·

149 1618 223 1661 rum
245 1595 387 1676 scientia,
405 1609 440 1660 et
459 1593 565 1660 omnia
584 1592 723 1659 liberalia
744 1590 899 1659 doctrine
914 1590 960 1657 vie
974 1591 1125 1681 quedam
1140 1591 1193 1671 in·¹

149 1698 311 1766 credibilia
332 1721 371 1764 ac
392 1720 493 1785 prope
514 1695 650 1761 infinita.
694 1697 778 1784 Quae
800 1694 961 1761 bonaetli
980 1696 1086 1782 perse
1104 1707 1195 1763 tante

148 1801 234 1880 sunt,
248 1815 288 1866 ut
299 1800 466 1867 acceffioni
479 1799 588 1865 nullue
608 1797 737 1867 relictus
757 1797 901 1863 videatur
920 1796 1032 1878 locue3
1054 1819 1195 1887 magnus

150 1915 260 1981 tamen
274 1902 315 1968 iia
327 1902 454 1969 acceffit
464 1901 569 1967 laudis
582 1901 745 1983 cumulus,
757 1899 846 1988 quod
858 1923 924 1967 non
939 1900 973 1964 in
984 1922 1034 1965 ree
1044 1900 1194 1966 obscum

150 2004 272 2070 autad
293 2004 487 2093 captandam
514 2003 702 2092 popularem
727 2025 852 2085 altram,
873 2003 928 2071 sed
949 2002 982 2069 in
1005 2024 1074 2069 rem
1096 2022 1195 2068 unam

76 2139 79 2146 ¹
150 2108 297 2174 omnium
319 2107 544 2196 graviffimam,
562 2107 596 2184 in
616 2127 825 2173 communem
840 2104 974 2173 humani
986 2102 1115 2193 generie
1129 2101 1195 2171 uti·

149 2210 276 2277 litatem
296 2199 466 2300 expromta
486 2210 630 2278 fuerunt.
674 2209 803 2276 Etenim
827 2209 948 2296 ubique
969 2208 1003 2275 id
1025 2206 1095 2297 egit
1117 2207 1194 2275 Plu·

149 2315 292 2396 tarchur,
315 2314 450 2404 utquid
470 2313 551 2380 utile
570 2312 619 2380 vel
637 2314 739 2393 secus,
760 2311 842 2400 quid
859 2305 1052 2401 fugiendum
1074 2309 1123 2376 vel
1145 2309 1192 2377 se·

148 2416 313 2504 quendum
328 2418 462 2484 doceret
469 2442 481 2500 ς
503 2431 541 2483 ut
555 2417 597 2485 de
611 2417 736 2483 ratione
751 2415 837 2497 vitre,
852 2416 894 2483 de
907 2415 1009 2482 studio
1024 2413 1194 2496 virtutum,

149 2517 189 2584 de
214 2518 413 2587 moderanda
437 2519 603 2606 republica
622 2518 802 2598 differeret5
825 2516 966 2604 denique
991 2530 1027 2581 ut
1049 2511 1194 2586 Philolo-
1228 2541 1232 2550 ’

148 2621 260 2708 phiam
275 2620 519 2687 commendaret
534 2643 598 2685 non
613 2643 699 2699 earn,
708 2643 782 2707 quae
796 2622 901 2684 rerum
916 2617 1109 2685 obscuritate
1118 2640 1194 2708 gra·

150 2719 277 2801 vitatie,‘
289 2735 323 2787 et
344 2720 581 2787 distinctionum
599 2722 750 2787 acumine
768 2719 965 2803 subtilitatis,
978 2719 1117 2807 speciem
1135 2717 1195 2785 ad-
1227 2795 1235 2811 x

150 2825 296 2903 sectaret,
312 2823 367 2889 sed
385 2846 459 2911 quae
477 2845 584 2889 errore
597 2837 632 2889 et
644 2822 863 2910 superstitione
879 2820 1043 2901 liberaret,
1056 2821 1195 2909 essetque

150 2926 223 2994 vitae
236 2926 386 3014 magistra
399 2939 433 2992 et
446 2924 607 3013 expultrix
622 2925 787 2991 vitiorum.
831 2926 907 2990 Jam
921 2944 996 2988 vero
1010 2922 1081 3012 ejua
1094 2923 1195 2991 libro·

149 3052 236 3111 rum,
262 3052 402 3116 quorum
431 3051 471 3095 ne
500 3028 597 3095 tertia
624 3028 757 3116 quidem
783 3049 856 3114 para
882 3025 925 3092 ad
951 3048 1011 3092 noe
1038 3025 1195 3113 pervenit,

150 3145 260 3197 tantur
282 3131 327 3196 est
349 3153 517 3211 numerus,
538 3144 630 3197 unta
648 3143 684 3196 et
704 3128 837 3195 varietas
858 3143 893 3196 ct
913 3125 1068 3218 cujusque
1086 3127 1120 3194 in
1139 3128 1197 3196 suo

145 3256 266 3324 genere
289 3233 481 3320 praestantia,
506 3247 545 3299 ut
572 3245 717 3298 veterum
740 3229 933 3319 scriptorum
954 3229 985 3296 ei
1007 3251 1193 3318 comparem

148 3336 363 3424 pauciffimos‚
377 3350 575 3423 anteponam
589 3335 725 3422 omnino
737 3333 915 3400 neminem.
959 3333 1049 3423 Quid
1065 3333 1106 3400 de
1121 3332 1197 3399 Phi·

147 3438 302 3526 losophiae
320 3439 437 3505 notitia
457 3438 577 3520 dicam,
597 3436 691 3527 cujue
715 3437 771 3503 ille
793 3459 907 3503 omues
924 3451 1031 3524 partes
1051 3435 1195 3517 excuffit,

146 3554 182 3606 et
203 3540 283 3628 quid
304 3542 460 3629 quaelibet
477 3541 563 3606 sedin
581 3540 659 3606 boni
682 3540 827 3621 haberet,
849 3539 1006 3619 laudavit,
1029 3537 1108 3625 quid
1129 3537 1194 3604 falli

148 3641 297 3709 monuit?
322 3641 411 3731 Quid
428 3643 470 3709 de
488 3645 585 3710 rebue
597 3642 693 3730 gestie
708 3644 898 3708 Graecorum
914 3655 949 3706 et
963 3642 1196 3728 Romanorum,

149 3745 182 3809 in
208 3744 327 3831 quibua
350 3746 517 3812 memoriae
541 3744 717 3834 prodendis
743 3766 841 3810 nemo
866 3741 961 3808 facile
985 3740 1108 3830 majore
1133 3742 1196 3811 fide

147 3848 287 3914 versatus
308 3849 364 3927 est,
386 3869 483 3913 nemo
504 3848 746 3914 converfionum
767 3859 937 3911 momenta
957 3857 992 3910 et
1012 3844 1193 3915 animorum

147 3949 276 4016 abditoe
298 3948 433 4016 recessus
454 3965 512 4016 eut
533 3950 613 4016 vidit
634 3949 763 4017 acutius
781 3961 840 4015 aut
860 3946 1036 4035 explicavit
1054 3947 1196 4036 pruden-

149 4053 235 4119 tius?
259 4053 350 4120 Quid
365 4052 407 4118 de
422 4053 552 4140 reliquie
565 4053 769 4141 antiquitatis
783 4050 941 4139 partibus,
955 4073 1092 4140 quarum
1106 4050 1197 4118 nulla

148 4157 193 4223 est
205 4157 283 4244 quin
298 4181 338 4225 ex
357 4181 398 4224 eo
416 4157 549 4245 egregie
569 4157 662 4245 poffit
679 4156 839 4236 illustrari,
853 4155 968 4222 multae
982 4178 1119 4244 quarum
1133 4178 1194 4223 no-

150 4258 254 4324 titiam
271 4259 299 4325 ei
319 4260 377 4326 soli
392 4261 588 4326 debeamus?
615 4260 715 4326 nette
728 4260 838 4346 itaque
851 4258 964 4346 magni
979 4258 1037 4325 viri
1051 4256 1195 4345 itajudi·
1225 4318 1228 4323 ,
1259 4254 1261 4259 ’

647 4383 706 4444 114
