2714 4770
165 346 224 406 ,ω
550 325 817 389 nunmsto.

163 487 244 554 libet
265 483 529 554 emendationum
557 508 693 551 numero
715 499 749 551 et
772 484 927 552 subtusa
950 485 1112 552 omnium
1138 486 1229 553 sum-

165 611 231 655 ms.
276 589 363 655 Cum
376 609 453 654 vero
466 587 540 653 libri
555 587 596 655 de
611 589 646 653 S.
662 591 764 655 Num.
779 588 880 654 Vind.
895 588 987 654 nulla
1000 584 1060 654 fist
1074 589 1227 671 mentio,

163 714 204 759 eo
228 692 331 780 magis
356 705 464 758 certus
487 693 569 772 snm,
589 713 670 780 ques
691 691 725 757 in
746 713 787 758 eo
808 691 1008 780 deprehendi
1028 691 1227 773 satietates,

63 818 66 823 ·
164 795 339 861 MStorum
360 794 421 859 effe
440 793 844 861 ledtiones.—Harleianus
863 794 989 877 Codex,
1004 794 1107 883 cujus
1123 808 1226 862 men·

163 897 286 965 tionem
315 896 464 978 fecimus,
493 898 537 962 est
565 896 662 962 seculi
687 897 762 978 XV,
788 911 822 963 et
846 898 956 964 omnia
980 897 1050 964 fene
1078 897 1226 968 motulis

162 1000 573 1067 continet-Editionibus
588 1001 631 1066 usi
647 1001 755 1066 sumus
770 1000 932 1067 omnibus.
966 999 1132 1071 ‚Primum
1154 1000 1222 1066 Al·

162 1104 240 1172 dina
250 1131 261 1186 ς
285 1128 384 1193 quam
406 1105 472 1170 sere
494 1106 615 1192 ubique
636 1103 943 1192 repraesentnvimus,
959 1103 1014 1169 nisi
1035 1105 1081 1170 ab
1101 1126 1145 1170 es
1165 1126 1222 1170 re·

161 1209 277 1297 cedere
290 1208 393 1296 major
406 1208 579 1275 auctoritas
593 1208 751 1275 suaderet.
796 1208 954 1289 Eandem,
968 1207 1122 1296 exceptis
1132 1228 1220 1296 pau-

160 1311 289 1378 cissimis
306 1324 346 1377 ‘et
366 1310 523 1376 leviffimis
544 1311 665 1392 erratis,
682 1312 829 1399 expressit
849 1310 1042 1377 Basileensis.
1089 1312 1143 1376 Ex
1165 1311 1220 1377 his

160 1413 286 1480 duabus
301 1413 467 1502 Xylander
484 1414 655 1479 versonem
673 1414 761 1479 suam
784 1413 936 1493 confecit,
951 1413 1106 1480 adhibito
1128 1434 1219 1501 prte-

159 1529 249 1583 terea
278 1516 391 1582 codice
423 1515 577 1604 quodam,
607 1514 700 1603 cujus
734 1516 889 1583 lettiones
919 1515 1054 1582 subinde
1085 1516 1214 1584 laudnt.

159 1621 260 1686 Hunc
274 1620 402 1685 secutus
416 1620 460 1684 est
474 1620 520 1683 H.
537 1618 734 1706 Stephanus,
749 1619 805 1706 qui
820 1621 960 1685 Genevae
973 1619 1108 1707 integra
1124 1620 1215 1687 Plut.

158 1722 269 1811 Opera
283 1741 337 1789 12.
352 1721 583 1801 voluminibus,
597 1744 737 1809 quorum
752 1723 786 1786 6.
802 1721 974 1787 versionem
989 1721 1130 1804 habent,
1144 1723 1216 1791 edi-

158 1823 220 1890 dit.
257 1824 324 1891 Hic
338 1823 483 1911 quamvis
499 1824 529 1889 se
544 1822 587 1888 ad
600 1822 762 1889 Codicum
779 1822 876 1888 fidem
892 1822 1106 1890 Plutarchum
1121 1826 1213 1892 cesli-

157 1926 243 2015 gasle
256 1927 357 2007 dicat,
368 1925 415 1992 nil
429 1939 537 1992 tamen
550 1925 653 2013 reperi
667 1925 756 2013 quod
769 1925 800 1990 ei
815 1925 1017 2005 Plutarchus,
1029 1922 1211 2013 praesentim

16 2084 24 2095 .
158 2028 193 2094 in
211 2030 321 2096 nostro
342 2028 465 2110 libello,
487 2016 616 2095 debeat.
659 2027 810 2116 Ejusdem
827 2028 925 2094 seculi
938 2050 1026 2094 anno
1040 2049 1107 2111 xc,
1122 2029 1211 2097 duo·

157 2131 220 2199 bus
238 2130 456 2197 voluminibus
477 2130 509 2196 in
530 2130 622 2210 solio,
641 2130 730 2197 Vitae
749 2143 783 2196 et
801 2130 941 2196 Moralia
953 2129 987 2194 in
1002 2131 1212 2198 Aubriorum

156 2234 287 2300 officina
313 2231 514 2299 Francosurti
536 2232 623 2299 edita
652 2233 737 2313 sunt,
762 2254 942 2320 eorumque
964 2231 1047 2298 esici
1071 2233 1212 2323 adju&

157 2334 317 2424 Xylsndri
330 2346 417 2400 notae
430 2347 466 2400 et
478 2334 576 2401 index
586 2333 744 2400 vatianum
758 2334 936 2401 lestionum
951 2334 1085 2403 Aldinae
1100 2349 1138 2403 et
1147 2338 1213 2404 Be·

156 2436 290 2503 tileenfis
302 2435 453 2502 editionis
468 2447 503 2502 et
516 2436 614 2501 trium
634 2448 791 2524 preterea
808 2438 994 2518 MStorum,
1009 2438 1070 2527 qui
1087 2438 1211 2508 litteris

6 2561 12 2571 ·
138 2576 141 2580 ·
154 2541 198 2606 T.
208 2541 252 2606 V.
264 2541 303 2606 B.
318 2538 547 2628 fignificantur,
563 2539 586 2604 i.
597 2561 629 2606 e.
644 2539 803 2619 Turnebi,
815 2539 969 2607 Vulcobii
984 2552 1018 2606 et
1033 2543 1210 2631 Bongnrfi3

154 2641 296 2731 denique
318 2640 451 2708 Codicis
474 2641 563 2706 Paul.
589 2641 720 2722 Petavii,
739 2641 863 2730 dequo
881 2644 974 2730 supra
992 2645 1209 2713 monuimus:

154 2746 212 2835 qui
225 2745 348 2812 indices
359 2768 379 2811 a
389 2768 455 2833 quo
469 2745 608 2811 confecti
623 2747 695 2826 fint,
706 2745 857 2832 ignotum
871 2748 925 2813 est.
957 2747 1084 2813 Eadem
1095 2751 1211 2817 recum

153 2851 198 2916 est
222 2848 343 2916 Parisiis
359 2850 452 2917 1620.
477 2850 646 2932 (et16a4.)
664 2849 709 2913 ita
723 2863 761 2913 ut
774 2848 901 2937 pagine
915 2849 1132 2936 respondeant
1148 2876 1213 2942 pn·

153 2952 260 3044 ginis3
284 2953 339 3018 niti
358 2951 448 3041 quod
469 2951 500 3016 ei
523 2950 638 3018 Rualdi
661 2951 726 3017 vita
748 2950 913 3017 Plutarchi
931 2950 1058 3041 adjeda
1073 2954 1113 3021 fit
1127 2976 1213 3023 cum

153 3054 492 3123 Animadverfionibus
505 3056 581 3121 LII.
591 3068 625 3120 et
637 3054 783 3143 pluribus
791 3055 911 3121 scateat
919 3077 1095 3143 operarum
1106 3058 1211 3126 vitiis.

78 3212 81 3223 ,
153 3158 218 3224 Sed
244 3157 277 3222 in
301 3157 352 3222 his
376 3156 479 3222 tribus
504 3156 628 3221 ultimis
649 3155 845 3221 editionibus
870 3180 936 3222 non
961 3157 1213 3246 diligentissime

48 3328 53 3343 Ι
97 3302 101 3308 -
151 3259 288 3325 versatos
302 3258 364 3323 esse
379 3256 532 3336 editores,
543 3258 630 3323 haud
645 3257 756 3344 paucis
771 3256 932 3324 indicatur
946 3259 1105 3347 vestigiis;
1121 3285 1213 3350 quo-

151 3383 224 3428 rum
249 3359 321 3425 hoec
343 3358 456 3424 saltem
478 3361 609 3426 notabo.
652 3362 740 3426 Nam
761 3361 802 3425 ab
821 3359 915 3427 initio
937 3362 1004 3428 sere
1026 3384 1061 3449 p.
1084 3383 1118 3433 2.
1143 3365 1211 3433 ha·

150 3465 230 3530 bent
243 3466 290 3527 hh
305 3464 379 3528 δοκεῖ
390 3464 438 3541 τὴν
453 3461 576 3545 ζήτησιν,
588 3460 678 3549 quod
691 3462 772 3528 mire
786 3463 876 3528 torst
890 3462 1094 3550 interpretes.
1134 3468 1212 3535 As-

148 3566 207 3654 qui
220 3565 271 3632 vel
284 3566 391 3632 obiter
404 3563 553 3653 inspestae
572 3564 694 3630 Aldina
711 3578 745 3631 et
764 3565 946 3631 Bnfileenfis
966 3587 1022 3632 eos
1041 3567 1106 3634 hac
1125 3591 1212 3640 mo·

148 3670 237 3737 lestis
257 3670 393 3735 liberare
415 3667 601 3756 potuissent,
617 3691 691 3755 quae
712 3667 798 3734 reste
816 3668 972 3734 exhibent
991 3672 1049 3756 ἕξιν.
1091 3674 1128 3737 Ρ.
1144 3695 1210 3760 44.

143 3794 226 3862 cum
248 3773 328 3839 Ald.
350 3772 421 3838 Bas.
444 3784 478 3838 et
498 3793 553 3838 eas
575 3773 703 3839 secutus
727 3772 895 3861 Xylander
916 3775 1000 3848 Ἰνοῦς
1025 3773 1210 3860 haberent,

149 3874 291 3963 primum
316 3873 501 3962 Stephanus
525 3875 630 3940 nescio
654 3896 720 3961 quo
746 3896 853 3940 errore
878 3878 978 3950 Οἰνοῡς
1003 3877 1143 3965 recepit,
1174 3880 1212 3947 in

147 3975 301 4064 idemque
315 3974 429 4041 vitium
444 3975 593 4042 Francos.
608 3989 642 4041 et
657 3975 858 4042 Psrissensem
874 3974 1013 4042 induxit.
1059 3979 1108 4045 Et
1129 3980 1213 4050 hec

132 4076 279 4164 ,quidem
295 4077 427 4166 majoris
441 4077 601 4144 momenti
622 4076 812 4144 videantur:
837 4078 1003 4144 minorum
1016 4079 1209 4148 lectionum

147 4177 358 4266 negligentiae
379 4179 548 4244 innumera
567 4179 717 4266 exempla
736 4179 862 4248 adferre
879 4181 1014 4268 possem,
1029 4183 1049 4242 fi
1064 4178 1153 4247 mihi
1167 4195 1210 4249 et

145 4279 217 4348 aliis
232 4279 382 4347 molestus
398 4281 459 4347 esse
473 4281 600 4348 vellem.
