2714 4770
307 376 311 382 .
382 354 967 436 m11nanrn100.p.3ccu.c.
1016 384 1018 389 .
1137 356 1202 437 ιιιΔ

154 541 224 582 num
240 517 293 605 qn
304 515 370 606 pn.
384 540 449 581 cum
465 514 640 581 nonna.
654 515 908 603 ιοιοοροιοιοοι.
950 515 1081 604 Quibus
1097 516 1129 581 n
1145 517 1195 584 ιο.
1269 487 1277 501 “
1322 577 1325 582 Α

154 620 200 686 cis
223 642 324 708 quum
347 619 435 684 haud
454 618 548 706 pauci
568 619 628 683 sint
647 618 803 707 ejusmodi
820 634 857 685 ut
872 618 1040 684 Articuluc
1060 619 1195 685 omitta-

154 736 220 803 tur,
236 721 355 810 poterit
369 721 467 786 etiam
483 721 546 786 hoc
561 720 634 786 loco
647 723 695 798 ἄρ’
710 727 779 808 ἱεροῦ
794 744 852 808 pro
866 721 921 785 διεδ
933 727 982 786 τοῦ
997 713 1068 808 ἱεροῖο
1079 720 1194 808 accipi.

154 822 218 890 Sed
231 823 293 888 alia
307 823 404 889 etiam
419 823 522 888 caussa
539 822 711 888 Plutarcho
729 822 866 888 Articuli
882 821 1066 903 omittendi,
1080 835 1120 887 ut
1133 823 1194 887 ob·

152 926 240 1014 lique
262 927 450 1015 significaret
475 926 679 1014 proverbium
702 930 751 1005 τὴν
773 927 821 1007 ἀφ’
846 931 917 1014 Ιερᾶς
941 929 1034 1007 κινεῖν,
1059 947 1099 990 ex
1123 925 1195 990 lusu
1317 986 1324 995 ,

152 1029 352 1096 calculorum
375 1029 523 1107 ductum,
542 1052 659 1094 movere
665 1028 844 1117 scrupulum
863 1053 883 1092 a
892 1028 988 1116 sacra
1009 1027 1197 1115 linenr‘quo

153 1133 231 1198 alibi
253 1155 383 1221 quoque
405 1132 509 1198 utitur
529 1155 560 1197 v.
576 1155 605 1198 c.
625 1125 678 1199 De
698 1133 816 1198 Solert.
838 1131 980 1197 Animal.
1001 1152 1034 1218 p.
1049 1145 1125 1217 975.
1144 1132 1195 1195 A:

154 1236 312 1313 κινήσαντες
333 1239 381 1314 τὴν
403 1237 450 1317 ἀφ’
472 1237 555 1321 ἱερᾶς.
591 1234 675 1301 Adv.
694 1234 804 1301 Colot.
821 1236 915 1300 1116.
933 1236 981 1299 E:
1005 1235 1077 1309 εὐθὺς
1091 1232 1136 1298 οὖν
1149 1234 1198 1297 τὸν

152 1341 201 1421 ἄρ’
224 1343 294 1425 ἶεροῖς
316 1336 455 1416 κεκίνηκεν
476 1343 489 1401 6
512 1336 656 1416 Κολώτης.
698 1338 751 1403 De
773 1338 855 1424 Rep.
875 1337 950 1402 Seni
972 1338 1051 1402 Ger.
1067 1337 1141 1423 783.
1157 1337 1196 1401 B.

154 1440 246 1505 Plato
260 1441 342 1528 Leg.
359 1441 401 1506 V.
417 1462 450 1527 p.
461 1442 535 1528 609.
552 1441 593 1507 C.
609 1438 689 1506 XII.
704 1442 779 1528 689.
795 1440 839 1506 A.
877 1439 1062 1508 PhiloJud.
1078 1441 1195 1528 legat.

153 1542 207 1608 Ad
234 1541 350 1608 Caium
380 1566 413 1630 p.
436 1560 531 1628 1007.
557 1546 597 1609 B.
638 1543 862 1633 Diogenianua
891 1544 1038 1609 Proverb.
1069 1544 1112 1609 V.
1140 1562 1195 1626 41.

153 1645 268 1711 suidas
282 1646 379 1711 VIII.
392 1647 446 1711 66.
479 1646 606 1712 Plenius
622 1646 809 1712 scholiastes
825 1645 964 1711 Platonis
975 1645 1017 1711 ad
1030 1645 1053 1711 l.
1067 1668 1097 1711 c.
1110 1646 1194 1737 Leg.

152 1748 196 1814 V.
221 1748 297 1835 609.
326 1748 367 1813 C.
407 1748 601 1814 Conferatur
624 1748 834 1815 Casaubonuo
855 1747 896 1813 ad
918 1747 1083 1814 Theocrit.
1113 1747 1195 1835 Cap.

153 1850 284 1915 XXIII.
301 1873 334 1937 p.
348 1852 422 1917 282.
460 1852 612 1917 Muretus
626 1853 665 1916 T.
682 1853 746 1916 Ill.
763 1872 863 1938 p.49.
899 1851 953 1917 Ad
966 1851 1053 1916 aliud
1070 1850 1197 1915 Prover-

152 1949 245 2015 bium
260 1951 301 2017 de
317 1952 413 2017 Sacra
429 1954 570 2034 anchora,
584 1954 649 2018 hoc
663 1952 768 2040 ipsum
784 1953 941 2018 transtulit
957 1951 1148 2019 Plutarchus
1163 1951 1196 2016 in

155 2053 332 2120 Coriolano
346 2079 380 2143 p.
394 2057 467 2123 228.
484 2058 518 2122 F.

146 2173 151 2178 '
196 2157 273 2243 386.
295 2159 332 2223 B.
356 2160 439 2235 οὐδεὶς
460 2159 595 2246 ὶγῐνοοσκε
616 2170 671 2226 τῶν
693 2165 865 2250 Δελφῶμ]
891 2159 1058 2229 Nimirum
1082 2180 1196 2224 eorum

152 2258 390 2346 Delphicorum
413 2261 530 2328 civium
551 2263 856 2351 quibuscumantea
877 2264 1059 2329 collocutus
1073 2260 1196 2341 eratis,

153 2362 209 2450 qui
235 2363 306 2428 haec
330 2364 459 2446 differ-it,
485 2364 583 2452 paulo
611 2366 705 2454 supra
729 2365 835 2431 dictus
849 2364 968 2454 Ἕτερος
991 2363 1019 2428 δι’
1039 2390 1091 2444 τις,
1112 2383 1196 2426 unua

152 2464 216 2552 ipse
233 2473 287 2531 τῶν
299 2467 392 2547 ξένιον,
409 2468 550 2558 hspitum
564 2488 598 2555 p.
611 2470 688 2556 385.
704 2471 747 2534 A.
764 2482 1029 2534 memoratorum.
1074 2466 1126 2531 Est
1139 2485 1197 2531 au·

153 2579 219 2633 tem
243 2569 287 2665 ³¹¹,
301 2571 364 2635 hoc
386 2570 470 2636 libro
490 2593 592 2636 nexus
615 2571 747 2658 Dialogi
769 2585 825 2636 aut
847 2573 1006 2651 turbatus,
1028 2584 1085 2635 aut
1108 2581 1196 2635 certe

153 2693 218 2735 non
234 2670 349 2737 diserte
365 2672 559 2739 declaratus.

195 2773 272 2858 386.
287 2773 325 2851 Β,
342 2771 381 2837 C.
399 2771 488 2837 Ἔστι
507 2778 566 2863 γὰρ
587 2777 622 2850 ὥς
643 2775 929 2862 ὑπολαμβάνοωμ]
956 2779 999 2840 Et
1019 2775 1072 2839 hic
1086 2774 1196 2839 mendi
1302 2859 1304 2864 ¹

154 2873 233 2962 quid
260 2874 373 2954 subest,
398 2888 433 2940 et
457 2899 557 2941 nexus
582 2877 780 2944 obscuritas:
810 2901 882 2966 quae
905 2878 945 2941 src
968 2876 1110 2942 curanda
1132 2898 1195 2964 pu·
1270 2928 1276 2941 .
1302 2949 1306 2957 .

154 2989 234 3056 tem,
252 2990 290 3041 ut
303 2977 349 3042 ita
363 2977 615 3046 constituantur:
633 2979 722 3044 Ἔστι
738 2983 809 3067 γὰρ,
825 2983 860 3055 ὥς
874 2980 1104 3062 ὑπολαμβάνουσι
1120 2985 1197 3042 Δελ-

154 3079 209 3162 pcl,
226 3081 258 3144 ri
274 3082 327 3159 El,
342 3088 501 3170 προηγορῶν
523 3081 604 3167 ἔλεγε
620 3081 774 3169 Νίκανδρος
788 3088 801 3146 6
815 3083 908 3168 ἱερεὺς,
923 3087 1027 3169 σχῆμα
1043 3083 1094 3145 καὶ
1105 3085 1195 3169 μορφὴ
1320 3164 1328 3173 ‚

152 3180 255 3270 -Est
264 3183 357 3270 sane,
381 3196 415 3247 ut
440 3182 553 3273 Delphi
573 3198 695 3274 putant,
721 3186 828 3251 aiebat
850 3183 1016 3250 Nicander
1040 3183 1196 3250 Sacerdos

151 3283 236 3350 hanc
249 3306 361 3350 eorum
377 3285 566 3372 opinionem
578 3283 766 3368 defendens,
783 3288 873 3353 litera
886 3287 1034 3376 Efigurc
1053 3286 1196 3374 etforma

152 3387 360 3476 appellationis
374 3415 435 3479 qua
449 3390 575 3455 domines
591 3415 663 3479 erga
680 3392 778 3457 Deum
796 3404 978 3457 utuntur-.
1023 3393 1119 3457 Hanc
1142 3413 1194 3456 ra·

152 3487 276 3555 tionem
294 3492 412 3578 partim
431 3493 500 3581 jam
522 3492 689 3581 Xylnnder
707 3494 860 3560 vertendo
876 3493 1003 3560 secutus
1017 3507 1098 3558 erat.
1141 3493 1195 3559 De

152 3589 311 3658 Nicandro
332 3593 472 3660 diximus
493 3594 534 3659 ad
553 3583 681 3668 initiuin
704 3595 776 3661 libri
791 3597 842 3662 De
857 3595 1034 3661 Auditione
1053 3593 1196 3682 quernei

152 3691 307 3780 inscripsit
330 3696 519 3763 Plutarchus
540 3719 574 3784 p.
593 3717 647 3785 37.
668 3699 706 3779 B,
729 3697 770 3763 C.
806 3699 951 3764 Verbum
974 3701 1133 3785 προηγορεῖν
1155 3695 1196 3763 fic

151 3797 240 3885 apud
263 3797 366 3884 ipsum
388 3800 450 3865 est:
473 3823 503 3865 v.
527 3821 557 3865 c.
582 3800 756 3866 Coriolano
779 3823 811 3887 p.
832 3802 907 3866 216.
926 3801 972 3865 B:
1001 3798 1145 3887 προηγόρει
1167 3799 1196 3864 u

151 3900 279 3977 Μενῐνιος
306 3900 477 3988 Ἀγρίππας·
508 3903 564 3990 qui
586 3925 625 3968 ex
646 3902 762 3990 legatis
783 3915 890 3990 partes
913 3900 1042 3966 dicendi
1065 3901 1197 3990 agebat,

151 4003 255 4069 Bruto
270 4027 303 4091 p.
318 4005 393 4092 986.
410 4004 459 4071 D:
482 4011 522 4092 τῷ
537 4013 591 4093 τοῖιν
603 4006 714 4085 Λιβύων
726 4007 845 4086 βασιλεῖ
856 4013 1024 4093 προηγορῶν·
1048 4002 1199 4094 Afrorum

150 4129 247 4193 regem
267 4108 399 4173 oratione
420 4107 591 4194 defendens.
627 4107 814 4193 Xenophon
839 4107 1001 4172 Hellenic.
1018 4109 1064 4173 Il.
1084 4127 1194 4195 2,13:

152 4209 295 4298 προηγόρει
307 4212 335 4274 dl
350 4215 440 4274 αὐτῶν
455 4210 632 4300 Θηραριᾶνης.
655 4207 780 4297 Exped.
797 4210 878 4298 Cyr.
889 4211 932 4276 V.
945 4225 980 4296 5,
994 4225 1026 4295 7.
1049 4200 1196 4276 Verburlt

151 4308 185 4374 in
211 4311 337 4378 lexicis
368 4311 529 4395 omissum,
553 4310 719 4378 annotavit
746 4311 778 4377 in
807 4311 926 4380 Lexico
954 4312 1196 4399 Xenophonteo

643 4411 702 4500 ἓν
