2714 4770
309 328 577 416 Qunsrronns
599 353 778 412 annena.
800 373 828 431 p.
847 351 1029 430 297.1³—0.
1053 436 1056 444 ⁴
1147 354 1185 429 ον

150 533 181 574 v.
198 531 228 574 c.
273 510 447 576 Clearchus
462 532 514 597 ap.
530 511 653 576 Athen.
668 512 748 576 Xll.
764 532 796 597 p.
812 527 888 595 541:
905 513 953 577 C:
978 510 1187 585 tractarunt

151 613 296 679 morarios
318 614 428 692 ἁπάσης
446 615 587 701 γενόμενος
607 620 655 692 τῆς
675 613 810 688 Σικελίας
824 615 971 699 ἀλάστωρ.
991 615 1013 679 i.
1029 637 1058 679 e.
1071 615 1187 703 praedo,
1252 670 1256 680 .
1302 613 1307 623 ¹

146 715 246 802 pastis.
284 715 414 782 Zaleuci
433 716 552 781 Exord.
569 719 650 805 Leg.
666 738 719 802 ap.
735 717 826 782 Stob.
842 739 876 803 p.
892 733 966 803 279.
1002 716 1186 804 Antholog.

152 816 213 881 Gr.
231 817 258 880 Ι.
269 819 324 901 56,
334 837 366 902 3.
391 817 557 883 Pausanias
573 839 605 903 p.
621 835 674 903 75,
690 819 766 901 646.
799 818 952 884 Aristides
966 821 1005 884 T.
1022 820 1050 883 I.
1064 840 1096 904 p.
1110 818 1186 903 489.

147 917 319 1005 Ἀλιτηρίοο,
342 920 455 984 similis·
473 920 550 985 item
569 920 721 1000 notionis,
742 920 955 1001 notationem,
970 922 1010 985 ab
1028 925 1116 999 ἀλεῖν,
1130 943 1190 984 mo-

152 1021 222 1100 lere,
238 1035 272 1087 et
284 1026 385 1109 τηςεῖν,
401 1023 568 1106 observare,
584 1022 617 1087 id
631 1024 687 1103 est,
701 1022 742 1088 ab
757 1022 933 1111 observando
953 1022 1094 1086 molarum
1103 1021 1188 1105 stre·

150 1123 229 1213 pitu,
243 1146 310 1189 non
331 1138 369 1188 ut
383 1124 450 1210 ipsr,
465 1123 519 1189 sed
537 1140 575 1189 ut
594 1125 664 1190 aliis
683 1126 863 1211 probatam,
882 1126 981 1189 refert
999 1123 1189 1190 Plutarchus
1222 1116 1228 1126 ’

152 1226 205 1291 De
230 1226 356 1292 Curios.
383 1227 437 1292 fin.
460 1248 493 1312 p.
514 1244 590 1313 523.
610 1228 654 1293 A.
676 1238 715 1291 ut
739 1226 817 1292 item
841 1226 1057 1314 Etymologus
1079 1226 1130 1289 M.
1155 1225 1188 1291 in

154 1331 255 1395 Voce.
279 1329 387 1395 Schol.
412 1329 534 1395 Platon.
557 1352 591 1417 p.
616 1350 690 1416 233.
727 1327 853 1408 Suidas,
877 1327 986 1395 Schol.
1008 1326 1105 1419 Arist.
1126 1328 1188 1412 Eq.

150 1445 228 1512 443.
272 1428 374 1514 Atqui
401 1429 444 1493 est
469 1451 489 1494 a
518 1430 679 1516 primitivo
709 1429 792 1509 dala,
823 1441 963 1516 cognato
988 1450 1065 1493 cum
1093 1427 1188 1506 ἁλίου,

137 1528 241 1609 ἀλύω,
257 1552 332 1611 erro,
337 1531 441 1619 fagio,
457 1531 585 1619 offendo,
598 1550 693 1623 pecco,
704 1531 791 1598 unde
801 1531 902 1596 baira.
919 1531 1108 1604 Plutarchus
1122 1534 1189 1594 ἀλι-

149 1629 256 1717 τηρίους
274 1631 421 1698 homines
443 1634 635 1720 perniciosos
654 1634 778 1721 patriae,
794 1632 873 1698 dicit
892 1632 996 1698 Cicer.
1013 1653 1046 1718 p.
1060 1626 1208 1715 887.·F.¹
1252 1719 1254 1722 Ι

152 1732 257 1796 Galba
273 1749 364 1818 1054.
381 1734 422 1800 C.
460 1735 614 1803 Similiter
626 1734 779 1803 Aristides
792 1736 831 1799 T.
848 1736 875 1800 l.
891 1757 924 1820 p.
940 1737 1016 1816 406.
1039 1735 1077 1801 T.
1094 1734 1188 1820 11.p,

149 1852 227 1918 310.
248 1837 441 1922 Ἀλντηρνώὃης
456 1836 618 1901 Plutarch.
635 1837 717 1903 Adv.
734 1836 865 1923 Epicur.
880 1856 914 1922 p.
929 1833 1075 1904 1ror.‚C.
1100 1832 1191 1898 Plato

152 1937 235 2020 Leg.
251 1937 312 2000 lX.
328 1958 362 2022 p.
378 1940 454 2022 652.
469 1939 508 2003 Β.
546 1938 764 2003 Conferantur
785 1951 820 2002 et
842 1937 1050 2002 Casaubonus
1066 1949 1101 1999 ct
1121 1937 1189 2003 Kue

153 2036 252 2100 sterus
266 2037 307 2101 ad
321 2037 524 2124 Aristophan.
538 2039 561 2104 l.
578 2038 634 2103 cit.
673 2040 832 2115 Socrates,
853 2036 986 2122 scriptor
1005 2058 1111 2102 rerum
1126 2036 1190 2100 Are

151 2138 311 2224 givarum,
327 2139 421 2205 nobis
435 2140 668 2210 animadversus
682 2141 725 2206 est
740 2163 774 2226 p.
792 2155 865 2225 245.
881 2141 926 2205 D.
943 2179 945 2182 ⁴

198 2259 272 2325 297.
288 2241 326 2304 B.
342 2239 414 2328 x5'.]
442 2242 480 2305 ln
499 2245 530 2320 ἐξ
547 2241 698 2310 Aisourtal
712 2246 764 2316 τοὶς
779 2240 933 2328 captivans,
948 2253 1077 2326 recepta
1090 2240 1191 2326 partlr
1310 2290 1312 2292 -

152 2341 226 2407 cula
238 2342 428 2407 sententiam
445 2342 678 2429 expeditiorem
698 2343 886 2429 reddit,-et
897 2344 1068 2409 abducentes
1082 2344 1191 2424 ὸονοννι,

136 2454 181 2534 ¹et
201 2442 335 2529 virgines
356 2467 426 2531 quaa
447 2444 512 2508 illos
532 2447 691 2524 deducunt,
700 2446 764 2531 fibi
783 2457 882 2510 munao
903 2445 1081 2512 occinerc-.
1127 2442 1191 2509 Sed

153 2545 236 2610 Αἴνου
257 2540 355 2613 habe⁴t
375 2547 623 2615 dubitationem.
661 2550 812 2616 ,Thracia
825 2564 859 2615 et
873 2550 1006 2615 aliarum
1020 2550 1191 2637 regionum

154 2668 272 2711 nornen
293 2648 393 2727 urbis,
416 2650 530 2728 AEnus,
553 2649 721 2736 cognitum
742 2652 785 2714 est
806 2672 846 2714 ex
865 2650 1029 2735 Stephano
1051 2652 1190 2737 Byzant.

153 2748 344 2814 Acarnaniae
362 2749 461 2814 etiam
482 2764 516 2815 et
531 2749 735 2816 Macedonia
752 2751 867 2838 AEnea,
883 2750 996 2815 Αἴνειαν
1020 2765 1054 2816 at
1075 2751 1125 2816 his
1147 2751 1193 2815 nil

152 2870 329 2919 commune
346 2871 422 2914 cum
443 2850 639 2929 AEm'aaibus,
656 2850 697 2916 de
718 2851 834 2936 quibus
852 2851 905 2915 hic
925 2852 1043 2938 agitur.
1088 2841 1194 2938 Igitur
1227 2887 1238 2907 κ

155 2950 243 3015 haud
259 2950 324 3017 scio
337 2975 377 3016 an
392 2964 485 3024 vetus
498 2953 653 3039 scriptura
664 2953 762 3028 fuerit
776 2957 806 3032 ἐξ
820 2954 975 3019 Aboritae.
1011 2954 1063 3020 De
1077 2953 1191 3019 horum

155 3052 403 3139 migrationibus
424 3067 500 3121 ante
520 3054 577 3120 has
597 3054 685 3120 sedes
702 3069 823 3142 captas,
838 3054 931 3142 supra
947 3053 1079 3119 tradidit
1102 3053 1192 3131 Plut-

153 3154 271 3220 archus
293 3157 412 3244 Quoest.
433 3157 495 3223 Gr.
516 3157 567 3244 ιγ’.
586 3179 621 3244 p.
644 3177 719 3244 293.
737 3160 772 3223 F.
788 3157 853 3244 ¹seq.
897 3157 1014 3227 Versus
1036 3155 1194 3243 expressus

154 3278 194 3322 ex
217 3259 394 3326 Homerico
410 3260 474 3326 Od.
493 3263 533 3326 Σ.
554 3278 627 3343 147.
648 3261 687 3325 T.
703 3260 786 3349 298’
808 3258 933 3326 ‘Ono'u
954 3260 1068 3339 νοοτῆοο
1056 3286 1091 3323 arr
1114 3259 1194 3344 φίλην

154 3361 234 3433 im
214 3358 313 3447 aaaarplb
292 3365 424 3446 ογοιῐαν.

199 3478 273 3547 297.
288 3461 327 3526 C.
342 3465 398 3548 ζ]
424 3463 586 3552 Cydippe
607 3430 726 3537 diversa
744 3464 785 3527 ab
803 3463 858 3537 illa
879 3463 1040 3531 amoribus
1061 3463 1194 3529 Acontii

155 3562 328 3643 celebrata,
361 3566 422 3631 lilia
453 3565 596 3644 Ochirni,
622 3565 737 3642 fratria
767 3566 940 3653 Cercaphi‚
971 3566 1192 3643 Heliadarum,

155 3665 362 3732 conditorum
385 3668 503 3746 Rhodi,
525 3680 629 3754 nupta
647 3680 763 3756 patruo
785 3668 965 3757 Cercapho,
981 3683 1046 3737 tres
1062 3667 1141 3733 filias
1155 3690 1194 3732 ex

153 3790 194 3832 eo
222 3766 348 3848 habuit,
377 3767 532 3848 Lindum,
559 3768 717 3856 Jalysum,
745 3770 924 3836 Camirum.
967 3771 1084 3834 Strabo
1110 3769 1194 3843 tellis

156 3870 250 3935 XIV.
264 3890 298 3955 p.
314 3871 389 3956 996.
407 3870 446 3934 C.
483 3869 667 3956 Stephanus
686 3869 767 3958 Byz.
786 3872 818 3935 in
839 3871 932 3946 Λίνδος
946 3871 1028 3942 etin
1044 3870 1194 3956 Κάμειρος,

155 3970 213 4037 ubi
237 3971 315 4036 alios
340 3971 490 4037 excitavit
498 3971 735 4044 Holstenius·
743 3973 821 4042 item
843 3972 1000 4037 Meurlius
1022 3972 1056 4035 in
1079 3971 1194 4046 Rhodo

157 4078 216 4142 lV-.
231 4097 265 4161 p.
283 4096 333 4141 ro.
325 4076 494 4162 qu1Xll
486 4099 539 4164 p.
551 4096 609 4162 34.
621 4077 809 4165 [iugularem
825 4076 909 4140 hanc
926 4075 1088 4143 Plutarchi
1104 4098 1195 4147 rnen-

156 4176 278 4241 tionem
291 4176 434 4244 exbibet.
461 4177 618 4245 Videatur
626 4193 666 4244 et
679 4177 905 4265 Weffelingius
919 4178 961 4244 ad
975 4178 1112 4248 Diodor.
1128 4178 1194 4249 Sic.

156 4279 379 4366 T····¹P377
601 4343 612 4394 Ι,

566 4431 574 4441 ,
645 4401 700 4451 1³2
