2714 4770
162 348 220 409 nn
242 349 358 409 anax.
379 349 645 409 nummum.
668 350 735 408 on.
750 351 773 408 1.
795 370 823 429 p.
838 350 907 426 326.
921 351 1056 428 Fran·
1070 352 1104 412 r.
1129 369 1185 429 109

149 508 371 575 “inventores
395 530 492 594 quam
518 509 651 573 Graecos
678 509 843 597 agnoverit
869 510 1067 576 Herodotus.
1114 512 1195 579 Hoc.
1284 510 1286 515 ’

149 616 175 670 t‘
191 611 294 683 studio
316 610 557 699 Vitas'collegit
576 610 766 691 Parallelas,
781 613 982 701 contulitque
1000 613 1137 678 invicem
1152 627 1190 677 ut

147 719 175 754 “
193 715 325 780 Graecoa
348 714 498 779 Romanis
518 714 743 780 anteferendos
763 714 952 780 ostenderet.
997 718 1071 781 Hoc
1087 716 1190 781 studio

150 816 234 882 “de
256 820 399 882 Fortuna
421 818 639 883 Romanorum
663 816 799 903 scriplit;
822 830 860 881 ut
879 818 1019 904 potiores
1040 820 1190 884 Fortunae

149 923 176 958 ‘⁴
191 939 288 1004 quam
308 917 448 983 Virtutis
467 932 573 1004 partes
588 918 621 982 in
637 921 856 985 Romanorum
871 919 966 983 rebus
981 921 1127 1006 prospere
1142 921 1191 984 fe·

151 1027 179 1062 “
194 1020 361 1107 liciterque
370 1019 466 1107 gestis
479 1019 569 1085 fuilse
583 1022 743 1107 probaret.
778 1021 964 1101 Alexandri,
977 1034 1102 1102 contra,
1115 1024 1192 1087 For-

153 1127 179 1161 “
196 1133 306 1187 tunam
330 1122 376 1187 ita
389 1122 587 1188 'laudandam
609 1122 727 1202 censet,
745 1138 784 1188 ut
801 1124 967 1189 Virtutem
986 1137 1095 1188 tamen
1109 1122 1193 1211 ejus-

153 1230 180 1265 “
197 1224 272 1290 dem
295 1224 424 1312 majoris
445 1225 637 1316 faciendam,
656 1225 790 1314 plusque
812 1225 852 1291 ad
874 1239 1008 1291 eventus
1030 1227 1195 1313 prosperos

155 1333 182 1368 “
196 1327 364 1392 contulisse
385 1327 527 1393 doceret.
570 1327 684 1393 Solum
704 1327 791 1393 enim
807 1350 890 1415 pene
905 1327 1126 1393 Alexandrum
1140 1329 1194 1394 fu-

155 1436 182 1472 “
197 1429 261 1511 iffe,
278 1452 375 1519 quem
400 1429 551 1497 Romanis
572 1452 611 1495 ex
632 1430 742 1495 animo
763 1428 991 1517 opponendum
1012 1430 1072 1496 else
1088 1432 1196 1498 Graeci

141 1539 183 1610 .“
197 1532 437 1612 arbitrarentur,
451 1554 492 1598 ex
507 1533 597 1598 Livio
609 1533 810 1598 manifestum
824 1533 912 1598 est.”‘
942 1533 1082 1600 Uberius
1096 1534 1196 1599 etiam

158 1635 200 1700 de
220 1634 282 1700 hac
304 1634 511 1701 emulatione
529 1633 647 1702 disserit
664 1634 814 1701 laudatus
833 1634 1078 1701 Sanetocruciua
1093 1658 1127 1723 p.
1144 1638 1197 1723 83.

202 1863 235 1928 p.
250 1845 327 1927 326.
340 1845 381 1907 Ε.
399 1845 519 1918 Πολλὰς
533 1844 583 1926 μὶν
597 1841 767 1928 ἁΰπνους-]
787 1842 878 1908 iliad.
894 1849 921 1907 l.
937 1861 1013 1930 325.
1103 1879 1107 1887 ,

202 1947 278 2031 326.
301 1946 337 2009 F.
360 1948 552 2032 Angeias-dn
573 1945 669 2010 δούλου
692 1946 739 2009 καὶ
761 1944 912 2030 ἀστάνδου]
940 1945 993 2010 Sic
1016 1945 1073 2011 Or.
1096 1943 1142 2007 ll.
1166 1966 1200 2031 p.

159 2067 238 2134 340.
253 2048 291 2111 B.
307 2046 388 2111 etin
404 2047 483 2111 Vita
500 2045 675 2111 Alexandri
689 2068 723 2133 p.
740 2048 816 2130 674.
830 2046 876 2112 D.
892 2047 948 2111 ubi
961 2046 1104 2130 ἂσγᾶνδου
1117 2044 1201 2133 legi·

162 2164 235 2214 tur:
259 2170 445 2236 perperam3
469 2170 544 2213 nam
563 2162 597 2212 et
616 2147 798 2213 Eullathiua
819 2170 859 2213 ex
881 2146 971 2213 AElio
992 2147 1146 2234 Dionyfio
1161 2146 1202 2211 ad

162 2249 273 2338 Odyff.
290 2254 329 2314 T.
349 2271 382 2336 p.
400 2250 494 2334 1854‚
511 2250 572 2314 282
596 2247 694 2335 κυρίως
713 2249 753 2327 di,
772 2254 848 2313 κατὰ
861 2246 958 2313 Αἴλιον
974 2248 1127 2327 Διονύσιον,
1143 2247 1202 2335 ὅγ’·
1280 2240 1282 2246 ⁴

160 2380 244 2440 γαροι
259 2359 283 2418 ol
297 2356 328 2416 lx
343 2355 472 2439 διαδοχῆς
484 2352 726 2440 γραμματοφόρον
749 2358 773 2417 ol
786 2353 815 2416 li
830 2352 909 2418 edroi
917 2370 988 2435 ,φησι
1003 2352 1053 2415 xal
1065 2351 1203 2416 ἄστίινδαι
1315 2424 1318 2429 >

162 2462 321 2542 Περσικῶς.
355 2458 509 2522 Attamen
526 2445 615 2544 regio
630 2455 784 2544 sanguine
799 2468 905 2521 ortum
920 2454 1027 2543 prodit
1040 2453 1204 2520 Diodorus

164 2559 229 2625 Sic.
250 2559 361 2624 XVII.
381 2577 414 2643 5.
461 2556 594 2636 Contra,
612 2558 730 2623 Strabo
744 2558 820 2624 XV.
835 2580 869 2644 p.
888 2558 982 2644 1069.
998 2557 1045 2620 Br
1069 2559 1118 2620 οὐκ
1139 2555 1205 2620 lm

161 2667 211 2724 τοῦ
233 2660 327 2745 ydrons
347 2667 400 2724 τῶν
421 2660 572 2739 βασιλίσιν.
616 2658 766 2724 AElianus
785 2659 865 2723 XII.
882 2677 939 2743 43.
962 2658 1055 2732 δοῦλος
1076 2654 1116 2734 ἦν·
1140 2678 1207 2743 qua
1235 2736 1237 2754 Ι

164 2759 206 2825 de
227 2760 331 2825 cautla
352 2758 495 2824 videatur
519 2758 668 2825 Kuhnius
689 2773 724 2826 et
747 2758 932 2826 Perizonius
953 2757 988 2823 h.
1011 2756 1036 2822 l.
1059 2755 1207 2844 inprimis

165 2860 394 2949 Weffelingius
409 2860 451 2926 ad
465 2860 566 2927 Diod.
580 2861 644 2926 Sic.
659 2860 682 2926 l.
697 2883 728 2926 o.

209 2963 309 3043 τούμὸν
328 2962 356 3024 tt
372 2962 514 3047 ripn—J
540 2959 680 3026 Videtur
703 2961 894 3027 Plutarchus
915 2959 1068 3048 eogitaffe
1089 2958 1208 3024 oratio-

155 3087 243 3131 ·nem
265 3064 438 3153 quamdam
457 3063 633 3130 Alexandri
654 3066 709 3130 sua
730 3064 825 3151 ipfius
848 3064 980 3131 vulnera
997 3061 1208 3142 numerantis,
1300 3118 1303 3126 „

167 3167 346 3256 cujusmodi
360 3168 402 3233 est
417 3190 515 3255 quam
529 3189 569 3233 ex
583 3168 767 3236 auetoribun
781 3167 845 3233 suia
858 3165 956 3234 refert
964 3155 1120 3233 Arrianus
1129 3164 1207 3229 VIl.

172 3289 224 3337 10.

211 3390 287 3458 327.
305 3375 348 3439 A.
364 3377 390 3437 lv
403 3374 716 3463 Ἰλλυριοῖς-ἠλοήθην]
733 3374 807 3439 Neo
822 3372 855 3438 in
869 3371 970 3438 altera
982 3371 1114 3460 quidem
1130 3373 1210 3439 Ora-

170 3473 271 3553 tione,
286 3475 343 3539 ubi
356 3487 474 3541 catera
489 3475 620 3540 vulnera
634 3487 836 3562 repetuntur,
851 3475 1011 3544 memorat
1025 3497 1059 3562 p.
1074 3494 1150 3573 34¹·
1164 3475 1209 3539 A.
1292 3482 1297 3490 '

172 3576 280 3641 necin
293 3576 390 3642 Vita:
414 3599 474 3643 nec
492 3578 660 3657 Arrianus,
681 3576 737 3665 qui
752 3599 838 3643 unua
860 3576 1032 3671 diligenter
1051 3576 1136 3642 hanc
1153 3598 1211 3640 ex·

172 3669 370 3766 peditionem
385 3679 525 3765 prodidit
541 3683 568 3744 1.
587 3681 682 3745 1—6.
696 3700 757 3745 uec
770 3678 853 3745 aliua
866 3701 908 3744 ex
921 3678 959 3744 iis
973 3678 1030 3766 qui
1044 3667 1176 3743 exllant.
1242 3684 1249 3692 ‘

215 3799 292 3868 327.
303 3782 347 3846 A.
359 3783 419 3868 περὶ
433 3782 581 3870 Γράνικον]
607 3782 668 3848 Οῐ.
685 3782 730 3847 Il.
747 3804 781 3869 p.
791 3802 868 3870 341.
880 3783 921 3848 A.
944 3781 1020 3848 Vua
1034 3803 1068 3868 p·
1080 3780 1155 3865 673.
1167 3780 1211 3845 A.

173 3882 331 3948 Arrianus
346 3884 375 3947 1.
391 3899 442 3968 15.
468 3883 635 3950 Diodorus
649 3884 714 3950 Sic.
731 3885 844 3952 XVII.
861 3902 912 3949 20.
1172 3913 1176 3920 ¹

216 4001 293 4069 327.
316 3987 360 4050 A.
384 3987 410 4049 ir
431 3985 459 4049 li
480 3986 568 4071 Ίσσῷ
587 3985 657 4069 ξίφει
677 3987 723 4049 τὸν
743 3984 841 4072 μηρόν]
868 3983 928 4047 Or.
953 3982 998 4047 ll.
1021 4001 1054 4068 p.
1070 3998 1147 4068 341.
1169 3971 1252 4045 Α..

174 4102 372 4154 memoratur
394 4086 426 4152 in
448 4087 578 4175 Vrta‘p.
594 4090 669 4174 675.
692 4090 731 4153 E.
768 4086 906 4153 Arriano
922 4086 966 4151 ll.
984 4103 1035 4175 ra.
1069 4083 1215 4151 Diodoro

175 4189 240 4255 Sic.
256 4191 368 4257 XVII.
384 4209 439 4276 34.
473 4190 608 4256 Curtius
623 4192 753 4270 111.11,
769 4209 821 4255 10.
857 4187 998 4256 lustinus
1012 4187 1074 4254 XI.
1091 4211 1122 4276 9.
1140 4209 1172 4273 9.

219 4294 360 4378 327..A.
382 4294 448 4382 πρὸς
470 4294 497 4357 δὲ
519 4292 654 4381 retr]
681 4294 739 4359 Or.
760 4294 806 4357 11.
828 4314 861 4379 p.
880 4310 957 4379 341.
979 4293 1024 4357 A.
1046 4289 1168 4368 saltem,
1190 4291 1217 4353 lv
1295 4364 1297 4369 y
