2714 4770
167 357 224 419 27²
306 338 345 398 u.
366 338 415 397 w.
436 337 634 397 summu.
656 336 702 396 nr
721 335 957 395 rauciacus
976 334 1061 395 run.

163 502 233 567 Sor.
251 499 298 564 H.
315 498 396 564 Phil.
413 499 441 563 Ι.
459 499 510 577 16,
524 517 557 580 4.
602 495 776 584 Menagius
792 495 833 560 ad
848 494 948 582 Diog.
964 496 1078 561 Laert.
1095 493 1165 559 111.
1180 513 1216 577 4.

165 600 327 667 Fabricius
342 602 380 665 Β.
396 602 439 667 G.
456 602 501 664 11.
522 622 555 687 p.
572 615 645 687 295.
689 599 808 663 Versus
829 597 889 662 hos
909 595 1053 684 reposuit
1072 594 1216 661 Grotius

160 703 194 769 in
210 706 360 790 Excerpt.
376 706 473 792 Trag.
495 725 528 789 p.
543 722 620 785 421.
641 701 716 766 inde
730 700 931 787 Musgravius
951 699 984 764 in
1001 701 1141 786 Fragm.
1158 700 1213 766 lu·

162 819 243 871 oert.
261 805 450 871 CXXXIV.
494 804 628 870 Didum
650 802 684 869 in
706 800 914 868 Menandoeis
928 803 1086 888 Excerpt.
1100 822 1210 889 appo·

163 907 211 972 nit
225 907 359 973 Grotius
372 930 405 994 p.
421 923 499 993 759:
517 905 695 993 Αἰσχύνομαι
709 911 870 969 πλουτοῦντι
891 904 1030 991 septicius
1049 902 1140 991 aliq,
1159 909 1210 984 Ml

159 1010 192 1092 μ’
206 1008 309 1096 ἄφρονα
325 1009 398 1097 κρίνῃ
414 1011 462 1074 nal
477 1011 567 1084 διδοὺςι
580 1013 664 1073 αἰτεῖν
678 1011 758 1072 δοκῶ·
781 1007 883 1072 altero
897 1020 984 1073 certe
997 1006 1074 1072 loco
1093 1005 1209 1072 delen·

160 1111 251 1191 dum,
272 1111 385 1199 judice
407 1111 572 1177 Gataltero
594 1110 762 1176 Adversar.
783 1132 817 1196 p.
830 1100 923 1195 507.
952 1107 1118 1174 Solemnis
1136 1107 1209 1174 haec

66 1287 71 1311 Ι
160 1215 226 1280 sors
254 1214 412 1280 dietorum
438 1213 598 1300 Euripidis
619 1226 653 1278 et
675 1212 859 1293 Menandri,
884 1225 922 1276 ut
943 1211 1045 1277 altera
1066 1210 1101 1276 in
1124 1210 1205 1278 alte-

160 1314 226 1380 rius
250 1336 368 1381 nomeu
395 1315 655 1381 transferrentur.
701 1313 847 1380 Clericus
872 1327 1069 1380 tamennon
1090 1326 1205 1401 notato

160 1415 230 1504 pari
244 1417 346 1482 altero
357 1416 486 1503 repetiit
501 1417 532 1481 in
550 1415 677 1503 Reliqu.
693 1415 927 1503 Menandrisp.
941 1432 1014 1499 272.
1061 1416 1205 1482 Socratis

49 1502 55 1515 ⁶
159 1519 203 1585 sd
224 1519 422 1586 Archelaum
445 1519 544 1584 simile
564 1504 666 1584 fertur
681 1519 876 1606 responsum,
890 1518 976 1606 apud
997 1518 1204 1586 Aristotelem

160 1622 255 1688 Rhet.
278 1624 324 1687 ll.
340 1626 402 1709 232
425 1621 465 1685 διδ
485 1623 532 1686 καὶ
552 1621 705 1709 Σωκράτης
718 1625 767 1686 οὐκ
782 1622 829 1706 ἔφη
844 1623 965 1703 βαδίζειν
978 1625 1013 1699 ὥς
1026 1621 1201 1710 'Aminei'

158 1723 237 1814 ὗβςιν
255 1728 313 1811 γὰρ
334 1725 381 1808 ἶφι]
401 1725 468 1790 eludi
485 1728 517 1790 τδ
535 1729 573 1808 μὴ
595 1724 723 1789 δύνασθαι
745 1724 900 1808 ἀμύνασθαι
919 1724 1016 1807 ὁμοίως
1030 1724 1061 1790 εδ
1081 1725 1203 1790 rasim

157 1824 248 1914 ὥσπερ
269 1829 317 1893 καὶ
339 1835 444 1903 κακῶς.
488 1830 611 1895 Seneca
627 1829 681 1894 De
700 1828 812 1895 Benes.
828 1831 871 1895 V.
885 1830 919 1894 6.
939 1828 1055 1894 diserte
1069 1827 1204 1917 exponit

157 1930 320 1996 rationes:
343 1929 441 2017 paulo
463 1929 582 1996 diverse
605 1931 656 1995 M.
678 1930 865 1996 Antoninus
884 1931 947 1995 XI.
963 1946 1016 2016 25.
1040 1930 1099 1996 ubi
1122 1952 1202 1997 con·

159 2032 309 2100 serendus
330 2033 524 2099 Gatakerus.
570 2032 732 2098 Plutarchi
754 2033 920 2099 exordium
943 2034 1203 2120 comparandum

158 2137 203 2202 est
217 2158 292 2202 curn
306 2134 438 2200 exordio
453 2136 621 2202 Isocrateae
634 2135 787 2200 orationis
801 2136 844 2201 ad
858 2135 1054 2218 Nicoclem3
1073 2152 1114 2203 ut
1126 2137 1204 2204 fecit

158 2240 205 2304 Η.
224 2236 386 2304 Wolhus.'
420 2238 486 2304 Sed
500 2237 534 2302 in
550 2238 723 2303 Plutarcho
738 2261 803 2304 non
820 2239 978 2305 Isocrates
990 2237 1136 2305 imitatio
1151 2239 1205 2306 sed

156 2342 189 2406 τδ
204 2340 407 2428 φιλιαριαίδιιιν
420 2341 530 2405 exstat.

199 2443 276 2528 384.
291 2441 338 2506 D.
354 2440 433 2528 'Ape
453 2441 644 2525 lh-xeims]
669 2442 729 2507 Pro
750 2441 806 2529 ἄρα
823 2443 849 2509 Β
866 2442 923 2509 dat
943 2443 1012 2532 spa:
1034 2444 1132 2532 atqui
1152 2443 1205 2535 δςι

156 2548 187 2624 δὴ
209 2545 251 2610 ab
273 2543 367 2608 initio
390 2543 566 2624 sententiae,
586 2543 639 2609 sed
661 2545 812 2632 sequente
834 2547 1037 2628 Accusativo,
1052 2562 1112 2613 aut
1128 2570 1205 2635 per·

158 2646 259 2713 ticula
271 2645 324 2726 ὅτι,
338 2650 373 2725 εἰ,
389 2645 437 2711 vel
453 2645 544 2710 simili
563 2668 683 2733 ponere
696 2646 777 2712 solet
791 2647 981 2715 Plutarchus
993 2675 1002 2714 t
1025 2647 1083 2734 alpe
1096 2652 1130 2729 δὴ
1143 2672 1204 2715 au·

157 2764 225 2815 tem
240 2773 300 2816 nec
315 2749 434 2837 pariter
455 2749 598 2835 usurpat,
620 2772 679 2815 nec
701 2750 799 2815 etiarn
822 2749 878 2837 ripa
897 2752 937 2831 δή·
963 2775 1104 2840 quorum
1120 2752 1205 2820 illud

157 2854 221 2919 hoc
242 2853 316 2918 loco
337 2851 524 2918 vertendum
548 2866 616 2917 erat
637 2853 744 2940 Itaque
759 2853 908 2932 nimirum,
929 2854 992 2919 hoc
1012 2858 1070 2920 Ανι
1090 2856 1203 2945 igitur.

157 2957 245 3044 Ergo
269 2957 350 3021 forte
373 2955 527 3042 scripserit
551 2955 754 3035 Plutarchus,
770 2955 849 3044 Ὅρα
871 2960 900 3036 δὴ
923 2957 984 3022 ὅσον
1006 2958 1109 3023 b..—
1123 2961 1206 3026 Vide

157 3061 254 3147 igitur
280 3070 423 3147 quantum
447 3057 629 3122 liberalitate
649 3070 678 3123 et
700 3048 902 3146 pulcritudine
924 3061 1101 3149 pemniaria
1124 3065 1206 3130 dm

155 3162 301 3249 irfiriora
312 3161 380 3245 βαι
400 3160 484 3224 donis
506 3161 649 3225 debirinae
670 3174 698 3224 et
708 3161 884 3247 sapientia,
900 3176 929 3228 el
946 3178 1034 3252 quam
1051 3165 1207 3252 barastra

144 3263 191 3348 stt
213 3285 276 3325 cum
298 3263 360 3325 baec
379 3262 501 3340 donare,
522 3275 584 3326 tum
603 3262 642 3326 ab
660 3263 708 3343 iis,
723 3263 829 3352 quibus
845 3265 968 3344 danim,
978 3265 1098 3351 stmilia
1114 3285 1205 3359 repo·

146 3367 241 3454 scere.
278 3363 359 3452 ‘'Oga
383 3365 412 3442 δὴ
439 3365 479 3430 fic
498 3364 619 3452 legitur
640 3366 727 3453 Opp.
753 3367 842 3430 Mor.
866 3389 899 3453 p.
921 3369 975 3432 82.
998 3371 1032 3434 F.
1067 3390 1146 3456 152.
1163 3376 1205 3440 Ε.

159 3465 254 3534 1068.
277 3469 314 3531 E.
344 3467 438 3553 1089.
455 3467 498 3534 A.
524 3487 616 3554 1109.
632 3470 670 3532 E.
716 3469 813 3533 Porro
830 3468 914 3534 Cod.
929 3471 974 3534 D.
990 3471 1047 3536 dat
1061 3475 1206 3564 ιιιυθιμ.

156 3573 262 3653 ἄτιτος,
277 3573 303 3639 Β
318 3572 441 3637 omittit
458 3571 517 3637 sel·
541 3585 579 3637 ut
593 3585 685 3638 vetus
698 3571 795 3638 leffio
809 3573 991 3640 ostendatur
1012 3580 1205 3667 ὄλιυθφιᾰη-

155 3699 202 3750 τις
217 3673 330 3761 αᾶλλιι.

196 3779 272 3865 384.
288 3780 326 3842 E.
346 3783 401 3854 τοῖς
415 3779 506 3843 αὐτόθι
520 3777 624 3862 φίλαις]
646 3779 748 3843 amicis
761 3779 841 3866 isthic
855 3779 1039 3868 degentibus,
1053 3780 1076 3844 i.
1093 3804 1125 3847 e.
1141 3806 1206 3851 eo-

156 3880 230 3946 dem
244 3879 328 3960 loeo,
344 3903 409 3968 quo
430 3894 466 3945 tu
486 3881 624 3948 habitas.
668 3882 721 3948 Sic
744 3904 820 3948 mon
840 3884 918 3948 edm
938 3886 1052 3972 μιγάλῃ
1077 3885 1205 3974 fignifi-

155 3996 270 4048 cantur
291 3982 451 4048 Athenae:
475 3984 540 4049 illic
561 3985 649 4051 eninr
671 3985 836 4052 habitabat
857 3987 1023 4074 Serapion,
1037 4002 1077 4053 ut
1095 3991 1207 4060 modo

153 4084 346 4149 notavimus.

195 4189 270 4274 384.
285 4188 324 4250 E.
349 4195 403 4250 τῶν
425 4189 552 4252 Πυθικῶν
571 4187 676 4274 λόγων]
701 4189 792 4254 Dicit
810 4190 1040 4277 disputationes
1055 4193 1206 4284 Delphis

32 4334 37 4343 ·
153 4290 289 4370 habitas,
303 4289 462 4377 librosque
480 4292 522 4357 ab
537 4291 606 4378 ipso
621 4291 666 4357 ibi
681 4292 896 4380 conscriptos:
920 4295 1104 4384 cujusmodi
1123 4299 1207 4369 suut
