2714 4770
141 290 143 301 ⁵
233 337 292 414 με
373 334 413 396 n.
433 336 483 394 w.
504 332 703 395 Auruncu
725 334 770 394 ru
790 332 1026 395 ruurmonr
1041 333 1132 394 nm.

232 517 267 584 p.
281 496 358 583 387.
378 498 419 561 E.
464 496 502 560 in
526 494 674 584 Sympos.
692 491 739 560 Ἰ..
762 494 790 559 I.
815 515 848 581 p.
869 495 945 580 ⁶¹5·
967 494 1007 557 E.
1029 507 1064 559 et
1085 495 1294 580 Fragment.

232 597 338 665 eidem
354 597 568 685 colloquentis
583 597 701 663 dantur
714 610 831 684 partes.
869 595 963 663 Harl.
979 594 1108 660 omittit
1123 596 1165 660 δὲ.

275 702 351 787 548.
371 701 411 766 Β.
440 702 525 764 Ἀλλ’
550 694 601 763 065⁴
621 699 649 763 ¹ci
670 699 780 779 βαλὼν,
800 698 883 780 εἶπεν,
907 698 1074 785 ἀπηλλάγη,
1097 705 1203 772 καλῶς
1227 695 1291 784 εἶχε

156 862 161 873 .
200 842 202 846 >
232 808 360 892 πεςννςᾷν
375 805 407 867 τὸ
425 802 509 883 βέλος
527 801 708 888 ἐγκείμενον]
734 799 859 866 Eximio
880 800 1013 882 omnino
1034 801 1078 865 est
1102 799 1291 888 elegantia,

233 912 298 994 'qua
315 905 505 971 Plutarchus
519 903 668 992 Epicurei
686 903 819 969 dicteria
837 926 912 968 cum
933 903 1006 969 telio
1024 915 1217 991 comparat,
1233 925 1290 967 ea·

232 1030 297 1097 que
319 1007 416 1073 duna
440 1030 480 1073 ex
504 1006 735 1072 consuetudine
761 1007 958 1092 optimorum
983 1006 1209 1092 Scriptorum,
1233 1006 1289 1093 qui

232 1110 347 1198 saepius
369 1108 402 1174 id
423 1109 512 1197 quod
532 1109 592 1174 five
611 1122 705 1175 acute
724 1109 782 1173 srve
800 1109 913 1173 acerbe
936 1108 969 1173 in
989 1108 1133 1195 aliquem
1156 1107 1289 1175 dictum

231 1200 287 1294 cst,
302 1226 456 1300 tanquam
471 1211 560 1276 telum
573 1212 689 1300 mifficm
704 1213 759 1300 effe
772 1210 898 1275 dicunt.
937 1210 991 1276 Sic
1006 1211 1099 1276 Plato
1113 1211 1291 1277 Theaetet.

230 1335 265 1402 p.
283 1334 355 1401 130.
379 1314 419 1379 C.
443 1313 483 1379 de
504 1313 760 1387 Lacedaemoniis
781 1313 847 1378 ait:
870 1313 905 1377 ἄν
925 1314 988 1378 ruci
1006 1341 1048 1390 τις
1066 1313 1112 1401 ἔρῃ
1132 1311 1236 1402 ὥσπερ
1256 1318 1290 1378 iz

175 1492 180 1503 .
230 1408 368 1505 ’φαρέτρας
388 1415 561 1504 paparionem
581 1417 771 1502 αἰνιγματώδη
793 1421 968 1493 ἀνασπῶντες
989 1415 1209 1496 ἀποτοξεῦουσε·
1233 1413 1290 1506 κᾷν

230 1506 327 1584 ’τούτου
342 1521 422 1606 ζητῇς
436 1516 520 1606 λόγον
534 1522 645 1600 λαβεῖν,
660 1520 690 1583 τί
702 1519 814 1605 εἴρηκεν·
832 1519 915 1608 ἑτέρῳ
928 1522 1054 1610 πενλήξῃ
1067 1530 1175 1598 καινῶς
1188 1548 1287 1605 μετω-

229 1619 407 1707 νομασμένῃ.
451 1606 569 1709 Neque
590 1621 732 1687 multum
754 1620 862 1687 differt
878 1623 959 1706 alius
979 1621 1073 1688 locus
1094 1622 1231 1688 Phileb.
1253 1645 1289 1711 p.

230 1738 285 1810 77.
306 1723 346 1788 C.
391 1725 430 1788 In
453 1727 582 1819 Protug.
604 1746 639 1812 p.
655 1743 729 1811 205.
748 1727 792 1791 D.
837 1728 985 1791 Socrates
1006 1738 1289 1812 argumentorum

230 1824 262 1888 vi
282 1828 431 1905 obrutus,
453 1849 528 1891 cum
551 1826 630 1914 quid
654 1827 870 1913 responderet,
895 1850 961 1892 non
984 1827 1135 1906 haberet,
1163 1826 1289 1892 dicitur

230 1928 396 2013 Ιλεγγνᾶσαε
409 1928 500 2013 ὥσπερ
515 1930 570 1992 ὑπὸ
581 1935 686 1993 πυκνοῦ
700 1931 808 2015 ἀγαθοῦ
821 1929 949 2014 πληγείς.
970 1927 1057 2015 quod
1071 1929 1230 1994 imitatus
1244 1929 1288 1995 est

228 2030 377 2098 Julianus
390 2032 506 2098 Cesar.
521 2054 553 2118 p.
565 2052 642 2118 334.
654 2035 698 2097 A.
714 2048 748 2096 et
764 2033 957 2121 Hieronym.
971 2032 1068 2121 Epist.
1080 2034 1287 2099 LXXXIII.

228 2122 315 2198 Illico
328 2135 409 2214 mibi,
424 2137 508 2224 quast
522 2135 706 2222 afortffmo
716 2135 820 2224 pugile
831 2137 978 2224 percuffus
991 2137 1087 2222 estem,
1101 2150 1180 2201 ante
1193 2137 1290 2203 ocrdor

89 2282 93 2289 =
228 2236 328 2322 caligo
343 2237 490 2324 obversari
503 2238 592 2324 coepit
600 2264 613 2316 ,·
623 2237 788 2325 statimque
802 2236 968 2303 recordatus
984 2239 1287 2330 Chorfippeisopby·

229 2340 330 2418 matis,
345 2353 409 2405 cet.
456 2338 507 2403 Illi
521 2339 619 2404 fimilc
633 2337 676 2404 est
691 2340 771 2405 illud
785 2342 950 2407 Juvenalis
965 2343 1034 2407 Sat.
1048 2343 1112 2407 Vi.
1131 2345 1177 2410 vs.
1195 2359 1274 2430 173.

659 2454 714 2505 aut
728 2446 985 2531 curtumscrmcnc
997 2441 1094 2510 rotato

401 2541 551 2630 Torqueat
567 2543 758 2627 enthymema.

228 2644 309 2712 VII.
325 2645 370 2709 vs.
388 2659 462 2730 157.

105 2747 107 2758 '
398 2774 598 2836 --quae
611 2752 736 2815 veniant
750 2752 870 2838 diversa
883 2753 1121 2840 partesogr'ttae.

228 2847 275 2913 ita
290 2848 332 2912 vs.
348 2869 421 2936 194.
464 2851 634 2931 Jaculator,
649 2853 705 2939 qui
722 2867 818 2918 acute
833 2853 911 2939 quid
924 2853 1016 2918 dixit.
1063 2853 1179 2938 Ipsum
1206 2854 1288 2934 βᾶλ·

228 2963 287 3016 λενν
300 2951 451 3038 exquisite
470 2951 511 3016 de
529 2953 659 3018 dicteriis
662 2955 816 3042 jaciendis
830 2954 960 3032 dicitur,
976 2953 1062 3040 apud
1076 2953 1287 3041 Sophoclem

227 3053 323 3141 Ajac.
338 3054 379 3117 vs.
395 3056 489 3119 1261.
527 3055 644 3119 Electr.
662 3055 703 3118 vs.
715 3072 794 3140 571:
829 3056 993 3142 Aristoph.
1012 3055 1225 3144 Thesmoph.
1245 3060 1288 3125 vs.

196 3157 304 3244 6903.
330 3155 533 3220 Numenium
546 3178 600 3242 ap.
612 3158 728 3223 Euseb.
744 3160 778 3224 P.
792 3160 832 3224 Ε.
844 3161 883 3223 L.
897 3160 990 3224 XIV.
1007 3180 1040 3244 p.
1053 3176 1134 3245 732.
1146 3161 1194 3226 C.
1228 3165 1290 3252 Sy·

227 3259 349 3324 nefium
365 3257 466 3327 Dion.
486 3282 517 3346 p.
534 3261 607 3325 108.
623 3262 683 3326 A.
708 3262 911 3350 Phrynichus
933 3267 1073 3349 Hapccx.
1098 3263 1181 3346 Σοφ.
1210 3268 1289 3332 MS.

227 3383 325 3449 quern
354 3359 466 3426 locum
494 3384 624 3428 mecum
650 3365 903 3431 communicavit
930 3365 1002 3430 Cel.
1033 3365 1288 3435 Ruhnkenius:

226 3463 351 3527 Βάλλενν
378 3463 562 3547 σκώμμασιν,
586 3467 618 3528 ri
648 3467 796 3530 σκᾶνντενν·
827 3469 876 3531 καὶ
902 3465 1026 3531 Baium
1055 3469 1230 3555 λοεδορΙαες,
1259 3474 1291 3537 ri

225 3568 363 3651 λοιδορεῖν·
388 3568 437 3629 καὶ
460 3566 585 3632 Βάλλενν
608 3573 700 3656 ἀραῖς.
738 3569 858 3635 AElian.
874 3570 970 3657 Epist.
987 3572 1016 3634 Ι.
1040 3571 1089 3633 καὶ
1107 3572 1291 3657 ὦραϊζομὸη

224 3672 338 3744 πολλοῖς
355 3667 462 3749 ἔβαλλε
483 3674 539 3745 τοῖς
561 3670 730 3755 σκώμμασι.
777 3670 982 3737 Philostratus
1001 3674 1095 3736 icon.
1116 3674 1159 3736 L.
1182 3676 1214 3739 I.
1234 3694 1290 3760 27.

103 3782 106 3789 '
225 3789 260 3855 p.
272 3768 346 3837 802.
363 3769 404 3836 de
420 3773 593 3859 Capaneo:
616 3772 743 3860 πρότερος
761 3776 812 3857 μὲν
826 3774 903 3857 οἶμαι
918 3773 1015 3859 κόμπῳ
1029 3771 1131 3852 βαλὼν
1145 3773 1201 3840 τᾶν
1216 3777 1290 3843 Δία.

226 3893 291 3959 quo
309 3872 395 3956 loco,
409 3892 485 3941 curn
506 3876 591 3942 cod.
612 3876 716 3942 Laud.
737 3875 855 3941 habeat
867 3878 933 3964 πρὸς
947 3878 994 3939 τὸν
1009 3874 1079 3955 Δία,
1096 3876 1196 3944 idem
1215 3881 1291 3947 Cel.

226 3975 402 4041 Ruhnken.
446 3979 627 4067 Sophistam
648 3979 794 4065 scripfiffe
816 3993 925 4064 putat:
949 3985 1293 4068 κνμπολακῶνπρόςτόν

225 4075 295 4140 Δία.
339 4080 508 4146 Eruditam
532 4082 750 4171 conjecturam
779 4083 949 4147 confirmat
975 4081 1041 4169 ipse
1066 4082 1294 4154 Philostratus

225 4179 317 4245 loon.
342 4185 379 4246 L.
403 4184 448 4247 II.
471 4204 526 4269 31.
551 4208 584 4271 p.
607 4186 689 4269 855:
714 4184 865 4268 κομπάσας
885 4211 916 4248 τε
940 4188 966 4259 ἐς
985 4185 1032 4248 τὸν
1054 4183 1130 4267 Δία,
1159 4197 1295 4280 κεραυνῷ

224 4284 336 4372 ἐβλήθη.
381 4287 526 4354 Verbum
545 4293 734 4371 κομπολακεῖν
750 4290 794 4354 est
807 4288 893 4377 apud
908 4286 1120 4372 Aristophan.
1138 4291 1233 4360 Ran.
1250 4296 1293 4361 vs.
