2714 4770
284 337 340 399 ou
363 337 470 398 runa
490 337 545 398 ur
564 322 741 397 osnuor.
760 356 792 434 γρ.
807 333 877 415 3⁶9.
890 335 999 396 n-o.
1105 353 1162 414 η,

121 510 294 584 congruat,
314 497 435 585 quippe
457 496 504 562 illi
525 519 640 563 nervus
660 496 826 584 oppositus
845 495 900 578 est,
916 494 994 562 huic
1014 493 1168 577 ohordro3

121 613 160 665 ut
173 601 306 668 ernau.
318 614 354 668 et
365 592 507 668 officium
519 601 684 688 utriusque
695 623 752 688 per
762 596 903 688 partium
916 598 1168 688 repugnantiam

121 701 259 768 existat:
278 702 364 768 citat
386 702 579 768 Plutarchus
596 705 648 771 De
661 701 775 768 Animi
791 703 952 768 Procreat.
967 722 1002 788 p.
1016 703 1113 767 1026.
1127 701 1169 768 B.

125 804 215 870 Plato
243 804 392 893 Sympos.
423 825 457 891 p.
475 823 552 891 321.
571 804 616 869 A.
663 803 859 892 Porphyrius
885 805 993 868 Antro
1017 801 1168 892 Nymph.

122 908 251 973 XXIX.
267 928 301 995 p.
314 924 368 993 27.
383 907 498 974 eodem
513 907 645 995 spesina
687 906 850 975 Plutarchi
868 905 1057 973 sententiam
1073 904 1169 973 docte

122 1033 160 1076 ac
178 1010 337 1077 subtiliter
357 1011 498 1077 vindicat
516 1011 635 1077 Baelius
658 1009 803 1078 Distion.
825 1009 909 1075 Hist.
931 1023 966 1076 et
988 1008 1071 1075 Crit.
1085 1010 1170 1077 Voo.

122 1113 288 1198 Ζονοαβνι,
305 1115 413 1181 minus
427 1115 516 1181 reste
529 1129 695 1202 acceptam
706 1137 727 1180 a
741 1111 945 1180 Cudwortho
959 1111 1096 1201 System.
1111 1112 1169 1179 In'·

124 1215 246 1282 telled.
262 1217 322 1283 IV.
339 1236 392 1303 13.
407 1237 440 1303 p.
455 1235 529 1303 230.
546 1217 632 1305 sequ.
777 1264 781 1272 .
833 1224 852 1238 ”

165 1319 242 1403 369.
257 1318 297 1383 Β.
312 1320 376 1382 κατ’
391 1317 552 1405 Εὐριπίδην]
579 1317 772 1384 Notavimus
786 1338 821 1405 p.
834 1332 887 1403 25.
904 1318 945 1383 C.
1036 1370 1039 1377 ,

164 1422 243 1509 369.
258 1422 297 1487 Β.
320 1425 353 1486 ἐκ
371 1421 507 1507 θεολόγων
526 1424 573 1486 καὶ
588 1424 734 1505 νομοθετῶν
748 1427 786 1498 sl5
798 1425 911 1501 ποιητὰς
925 1421 974 1484 aad
988 1416 1167 1506 prnbspon]
1208 1411 1215 1423 ’

122 1524 283 1592 Auctores
304 1524 466 1614 opinionis
485 1524 527 1592 de
546 1527 620 1593 Deo
638 1525 770 1615 ejusque
785 1524 876 1590 cultu
892 1521 1027 1609 triplicis
1039 1520 1170 1609 generis

122 1627 221 1693 tradit
237 1627 428 1694 Plutarchus
444 1628 477 1694 in
495 1629 665 1695 Amatorio
684 1650 717 1715 p.
733 1630 809 1713 763.
826 1628 867 1693 C.
891 1624 1082 1714 legaflotorcs,
1096 1636 1169 1714 poe·

121 1740 180 1809 tas,
196 1728 398 1818 philosophos:
421 1728 455 1795 in
478 1753 544 1818 quo
565 1752 639 1796 eum
663 1730 806 1817 sequitur
821 1727 968 1818 Scriptor
982 1726 1024 1793 de
1039 1722 1170 1791 Placitis

123 1828 241 1896 Philos.
259 1833 286 1896 Ι.
301 1833 334 1897 6.
356 1852 390 1918 p.
407 1831 483 1919 879.
503 1835 539 1898 F.
585 1833 669 1897 Item
692 1829 918 1919 pronunciavit
939 1831 1055 1908 Varro,
1074 1825 1170 1915 cujus

123 1946 316 2020 argumenta
330 1935 429 1999 refert
441 1934 641 2022 Augustinus
653 1937 706 2000 De
720 1935 793 2000 civ.
810 1933 873 1999 Dei
887 1933 950 2001 VI.
964 1932 1064 2018 5-8.
1099 1931 1170 1995 Eu·

123 2035 228 2102 sebius
244 2037 345 2122 Praep.
358 2038 416 2102 Ev.
431 2038 490 2102 1v.
508 2058 542 2124 p.
558 2057 629 2123 130.
643 2038 764 2104 A—D.
808 2036 871 2102 His
885 2051 1038 2124 quartum
1053 2054 1171 2122 genua,

122 2137 327 2225 theologorum,
343 2137 378 2204 h.
394 2138 418 2204 l.
433 2138 573 2218 additur,
589 2139 676 2204 haud
692 2153 832 2218 temere3
847 2137 1000 2226 siquidem
1015 2137 1049 2204 hi
1064 2134 1169 2225 aphi-

122 2241 264 2329 losophis
288 2240 501 2329 distinguendi
526 2243 611 2321 sunt,
631 2263 669 2307 ac
691 2240 816 2306 dudum
837 2255 913 2309 ante
935 2263 991 2307 eos
1012 2240 1169 2320 suerunt3

122 2345 262 2432 indeque
287 2345 329 2410 ab
354 2343 575 2432 antiquissimis
603 2345 805 2432 temporibus
830 2344 954 2410 bonore
980 2345 1169 2426 floruerunt,

121 2446 221 2513 veluti
240 2446 403 2535 Orpheus,
426 2449 583 2529 Musaeus,
601 2447 714 2529 Linus,
729 2461 763 2515 et
779 2461 855 2514 ante
869 2446 930 2512 hos
947 2446 1013 2527 alii,
1030 2465 1169 2534 quorum

122 2549 254 2615 nomina
268 2549 386 2616 oblivio
400 2549 520 2621 obruit.
565 2551 617 2615 De
632 2550 695 2616 hoc
709 2569 831 2637 genere
844 2548 1031 2614 monuimus
1047 2569 1079 2634 p.
1090 2547 1168 2633 360.
1264 2544 1268 2549 ’

121 2650 236 2716 D—F.
273 2653 383 2717 Aliam
406 2651 660 2718 distributionem
682 2650 780 2738 hujus
800 2647 986 2737 argumenti
1004 2647 1083 2712 facit
1104 2644 1170 2713 Dio

123 2753 240 2840 Chrys.
263 2754 321 2821 Or.
341 2755 421 2819 Xll.
444 2777 477 2842 p.
495 2771 569 2840 205.
592 2756 634 2834 A,
654 2754 693 2816 B.
721 2755 796 2818 206.
811 2751 853 2817 C.
883 2767 957 2836 207.
977 2751 1023 2817 D.
1046 2769 1171 2835 ponens
1201 2804 1205 2815 .

122 2856 229 2944 primo
242 2855 316 2922 loco
329 2860 378 2935 rip
391 2857 510 2938 ἔμφυτον
523 2857 614 2935 δόξαν,
630 2856 772 2921 notionem
787 2856 935 2935 innatam,
951 2868 1022 2925 tum
1038 2853 1100 2918 tria
1115 2850 1173 2919 ills

124 2957 293 3024 dostorum
307 2981 440 3047 genera,
456 2958 647 3047 legissatores,
661 2970 771 3044 portos,
786 2955 985 3046 philosophos:
1007 2955 1060 3020 his
1073 2958 1170 3041 qhar·

124 3075 197 3127 tum
214 3060 337 3127 addens
346 3061 506 3150 fignomm
525 3058 650 3149 opifices,
667 3059 821 3146 pistores,
834 3057 1010 3139 statuarios,
1027 3056 1170 3144 sculpto·

123 3187 187 3245 res,
203 3163 329 3230 fimiles.
596 3164 600 3168 ’

165 3269 241 3355 369.
255 3269 295 3333 Β.
311 3266 427 3354 φήμαις]
449 3268 532 3332 Haec
545 3266 589 3331 est
604 3265 708 3346 notio,
723 3288 798 3354 quse
810 3287 831 3330 a
843 3263 952 3344 nobis,
964 3263 997 3329 io
1013 3246 1171 3329 Biblioth.

124 3370 209 3435 crit.
222 3369 299 3436 Vol.
316 3370 381 3436 lll.
397 3372 481 3436 Part.
497 3370 525 3433 l.
542 3390 574 3456 p.
583 3388 639 3456 59.
656 3368 821 3448 definitur,
835 3367 1005 3448 maerim,
1020 3391 1082 3456 quo
1095 3388 1172 3431 nor·

123 3472 250 3538 rationes
269 3473 437 3562 antiquitus
450 3472 586 3552 tradita,
598 3474 671 3559 five
683 3495 779 3548 νινε,
787 3469 969 3558 stvsfflaer
984 3470 1029 3535 od
1044 3469 1172 3558 populo.-

124 3599 189 3640 rm
208 3574 380 3663 religionem
402 3576 614 3663 consecrantur.
659 3572 755 3640 Locis
770 3572 836 3640 illic
851 3574 1000 3662 appositis
1013 3573 1174 3640 addantur

126 3677 268 3744 Platonis
292 3681 374 3767 Leg.
399 3680 445 3744 ll.
471 3701 505 3767 p.
528 3680 605 3766 580.
632 3679 679 3744 E:
708 3676 878 3762 μυθολόγως
902 3679 947 3741 διὰ
971 3676 1043 3751 salar
1071 3676 1172 3760 φήμης,

124 3780 211 3847 male
228 3803 248 3846 a
267 3781 379 3847 Picino
402 3779 576 3862 redditum,
600 3779 762 3846 Pausanire
781 3779 878 3845 Vlll.
898 3798 952 3864 32.
974 3800 1008 3865 p.
1024 3780 1086 3864 667
1100 3781 1175 3868 ετᾷ

123 3887 152 3949 δὲ
170 3888 263 3972 Ἐρμῇ
284 3886 333 3949 ael
349 3887 494 3970 Ἡρακλεῖ
505 3885 554 3948 aul
570 3882 712 3970 Εἰλειθυίᾳ
724 3881 874 3971 πρόσεστιν
887 3885 918 3961 ἒξ
932 3885 1003 3948 incia
1014 3889 1064 3947 rori
1076 3880 1170 3965 'Opi-

123 4013 171 4074 ρου
185 3990 273 4072 φήμη.
309 3985 573 4073 Philosophorum
588 3986 663 4050 sunt
676 3983 773 4071 assor
791 3985 962 4050 Poetarum
977 3983 1057 4072 λόγοι
1071 3996 1106 4050 et
1117 3989 1172 4070 pii

124 4090 467 4256 paerheologorum
490 4102 525 4155 et
546 4088 792 4177 legissatorum,
811 4087 907 4174 λόγοι,
927 4094 1028 4173 φῆμαι,
1045 4088 1173 4172 τελεταὶ,

126 4194 176 4257 sor
219 4239 229 4259 .

168 4299 244 4384 369.
261 4296 301 4377 Β,
318 4297 360 4378 C,
375 4297 419 4363 D.
440 4297 476 4372 ὥς
495 4292 550 4360 orir'
568 4291 884 4381 drona-dextimos]
914 4291 1173 4362 sententiatum
1215 4340 1218 4347 ι
1318 4392 1320 4397 Ι
