2714 4770
254 386 295 444 30
395 365 434 426 D.
456 367 503 425 W.
525 365 722 428 ANIMADV.
744 366 789 425 lN
809 364 1041 426 PLUTARCHI
1061 365 1140 425 nm.

298 528 373 613 269.
389 525 428 591 Ε.
443 525 509 612 aest]
528 525 689 613 Cujusqne
705 525 897 617 menhedies
910 523 965 612 qui
981 525 1054 590 sunt
1066 523 1215 612 postridie
1227 525 1289 588 Ca·

253 625 372 708 landas,
401 626 515 705 Nonas,
541 627 624 707 ldae,
650 640 735 712 atros
764 626 867 692 dictos
896 625 1097 712 habitosque,
1121 639 1289 713 propterca

252 728 341 816 quod
367 728 405 792 iia
430 728 542 814 proelio
568 729 745 815 respublica
771 726 856 793 male
882 729 969 816 gesta
993 727 1080 806 esset,
1107 749 1147 792 ex
1171 726 1288 792 Verrio

254 830 371 898 Flacco
382 829 478 895 refert
491 829 616 896 Gellius
630 831 672 894 V.
688 846 737 914 17.
752 852 893 916 quocum
907 827 1143 914 comparandus
1154 830 1287 893 Macro·

252 932 325 999 bins
347 932 415 997 Sat.
436 933 465 996 l.
488 935 538 996 16.
553 953 587 1017 p.
604 926 678 1016 267.
706 931 821 997 Paulus
842 953 881 996 ex
898 932 987 997 Festo
1008 932 1092 997 Voc.
1115 930 1287 995 Νοαοηιιιι.

137 1050 139 1057 “
252 1035 378 1100 Diserte
393 1033 525 1099 Ovidius
541 1034 619 1098 Fast.
633 1035 660 1097 Ι.
671 1049 733 1119 55:
762 1032 903 1097 Vindicat
917 1025 1204 1120 AuſsmiirsJunonis
1217 1054 1289 1095 αιοο

254 1136 417 1213 Calendas,
433 1133 535 1199 Idibus
556 1134 630 1199 alba
643 1133 716 1199 Jovi
732 1133 881 1223 grandior
897 1158 981 1222 agna
995 1135 1087 1199 cadit.
1132 1132 1289 1197 Nonarum

166 1233 168 1235 ⁵
251 1237 346 1302 tutela
366 1238 431 1312 Deo
453 1247 547 1300 caret.
593 1236 736 1301 Omnibus
756 1235 828 1322 illis,
846 1235 894 1299 Nc
902 1233 1027 1321 fallare
1044 1259 1118 1301 aava
1136 1234 1289 1323 proximus

250 1350 318 1402 ater
330 1339 398 1402 erit.
429 1335 522 1402 Omen
535 1338 573 1403 ab
588 1350 696 1403 eventa
710 1337 766 1426 est:
781 1338 843 1403 illis
857 1361 929 1403 nam
939 1339 1034 1403 Roma
1048 1338 1152 1402 diebus
1163 1338 1288 1403 Damna

239 1439 303 1528 fieb
317 1441 442 1527 adverso
458 1439 552 1526 tristia
568 1441 676 1505 Marte
689 1426 778 1506 tulit]
806 1443 858 1505 De
870 1438 1027 1522 Νονμηιίας
1042 1439 1120 1504 felic
1140 1438 1287 1504 omnium

248 1542 394 1607 Deorum
415 1542 543 1629 copiose
565 1542 678 1608 docuit
698 1544 729 1610 J.
745 1542 904 1608 Meurfiue
927 1543 1033 1607 Graec.
1056 1541 1172 1606 Feriat.
1192 1542 1235 1605 V.
1253 1562 1286 1627 p.

252 1662 326 1710 211.
362 1645 441 1709 Tres
460 1644 664 1710 celebrantur
685 1645 717 1710 in
733 1644 895 1710 Conviviia
913 1657 1061 1709 crateres.
1099 1641 1289 1707 Scholiastee

250 1744 284 1810 in
298 1746 438 1812 Platonis
454 1746 577 1811 Phileb.
593 1769 624 1833 p.
639 1766 699 1832 43:
724 1749 889 1835 Ἑκιςιῶντο
903 1750 964 1834 γὰρ
977 1751 1004 1808 h
1017 1749 1115 1820 αὐτοῖς
1132 1748 1207 1827 (ταῖς
1219 1757 1288 1808 σοι·

250 1844 367 1929 ουσίαις)
391 1855 523 1937 κρατῆρος
543 1853 626 1937 τρεῖς·
650 1850 697 1913 καί
717 1851 764 1912 τὸν
783 1851 834 1931 μὲν
853 1857 959 1935 πρῶτον
977 1851 1043 1923 Διὸς
1060 1846 1218 1929 Ὀλυμπίου
1237 1848 1286 1911 καί

249 1949 313 2013 θεῶν
324 1950 490 2034 Ὀλυμπίαν
506 1952 614 2038 ἔλεγον,
628 1955 675 2016 τοι
689 1952 717 2015 ii
731 1951 851 2039 δεύτερον
864 1950 967 2038 ἦριίιον,
980 1952 1027 2014 τὸν
1041 1951 1068 2014 δὲ
1081 1947 1173 2038 τρίτον
1188 1950 1288 2026 Σωτῆ-

247 2077 303 2138 ρος.
348 2054 432 2118 ltcm
447 2053 635 2119 scholiastes
650 2052 775 2119 Pindari
794 2052 902 2118 lsthm.
917 2053 978 2117 Vl.
1003 2073 1054 2117 ro.
1098 2050 1173 2116 Alia
1187 2051 1284 2116 etiam

249 2152 442 2220 docliffimua
464 2156 630 2221 Ieisnerue
647 2154 688 2220 ad
704 2159 741 2219 L.
758 2153 837 2219 Bosri
853 2153 992 2242 Antiqu.
1008 2157 1068 2220 Gr.
1086 2157 1144 2220 IV.
1162 2174 1214 2236 14,
1237 2174 1285 2219 11.

250 2254 494 2341 Argumentum
517 2249 769 2322 Arithmeticum
792 2255 833 2319 de
853 2256 936 2342 paris
954 2270 989 2323 et
1007 2257 1139 2342 imparia
1160 2258 1286 2322 numeri

250 2352 429 2421 differentia
450 2357 619 2447 attigimus
634 2359 725 2445 supra
738 2379 772 2443 p.
789 2357 863 2439 264.
880 2361 923 2422 Α.
939 2358 1058 2444 Quaest.
1075 2359 1169 2422 Rom.
1184 2359 1217 2435 β.
1233 2357 1285 2422 cui

249 2457 451 2523 annotationi
465 2458 665 2524 adhibendus
678 2459 722 2522 est
737 2456 819 2521 alius
833 2457 925 2522 locus
946 2479 984 2543 p.
1002 2458 1076 2523 288.
1098 2457 1139 2522 C.
1163 2457 1285 2544 Quasi.

140 2599 146 2611 ·
212 2585 215 2591 ¹
249 2559 346 2624 Rom.
369 2559 415 2646 οβ’
427 2587 435 2624 z
460 2562 495 2626 in
518 2560 628 2648 primis
650 2561 706 2647 qui
728 2560 806 2626 salso
829 2560 992 2626 Plutarchi
1013 2560 1145 2624 nomine
1169 2559 1284 2640 fertur,

248 2660 380 2747 scriptor
393 2663 444 2728 De
460 2663 538 2728 Vita
554 2663 690 2728 Homeri
704 2664 787 2749 Cap.
800 2664 935 2728 CXLV.
950 2664 1061 2728 nostrie
1069 2660 1232 2742 editionis,
1246 2687 1285 2729 ex

246 2762 464 2850 Pythagorica
478 2764 623 2830 doctrina
638 2765 769 2844 docens,
783 2770 830 2832 τὸν
842 2766 893 2846 μὲν
911 2761 1003 2853 ἄρτιοι
1023 2767 1097 2828 ἐνδεᾶ
1116 2766 1163 2829 καί
1183 2770 1284 2847 ἀτελῆ,

121 2881 124 2889 “
246 2867 293 2930 τὸν
316 2867 343 2930 ii
367 2869 495 2953 περισσὸν
516 2868 606 2956 πλήρη
631 2869 679 2931 καί
699 2867 802 2931 τέλειον
823 2867 894 2932 esse.
938 2866 1036 2954 Quod
1050 2865 1129 2931 item
1144 2867 1284 2933 referen-

244 2963 324 3032 dum
339 2967 382 3032 est
395 2967 436 3032 ad
451 2968 603 3033 diversam
622 2969 767 3034 Deorum
781 2983 815 3033 et
829 2970 975 3033 Heroum
994 2967 1196 3056 religionem,
1211 2990 1284 3056 quae

246 3067 324 3149 illisa
333 3068 477 3154 imparia,
493 3069 545 3133 hia
564 3068 654 3155 paria
670 3068 838 3148 tribueret,
858 3069 986 3133 auctore
1010 3069 1211 3157 Pythagora:
1236 3072 1285 3135 ani

245 3171 302 3242 τοῖς
316 3170 366 3249 μὶν
380 3169 510 3258 οὐρανίοις
519 3174 652 3257 περισσοὶ,
664 3173 720 3244 τοῖς
731 3170 759 3233 δὲ
770 3168 882 3251 δαίμοσι
894 3167 978 3256 ἄρτια
989 3169 1126 3251 ἀπονέμει·
1142 3163 1187 3235 ita
1195 3172 1282 3235 enim

247 3269 423 3356 supplenda
442 3273 485 3336 est
504 3271 673 3350 sententia,
688 3294 761 3359 quae
774 3271 872 3359 vulgo
888 3271 928 3337 fic
942 3270 1074 3359 legitur,
1095 3273 1143 3335 καὶ
1161 3276 1217 3347 τοῖς
1232 3275 1285 3356 μὲν

136 3427 138 3439 ,
246 3370 378 3460 οὐρανίοις
391 3373 502 3456 δαίμοσι
516 3380 555 3438 τοὶ
566 3378 686 3460 περισσοὶ
700 3373 840 3457 ἀπονέμει.
872 3375 947 3440 Hoc
961 3388 995 3438 et
1012 3373 1201 3440 Plutarchus
1212 3376 1284 3440 mo-

246 3485 303 3537 net
324 3472 356 3538 in
378 3477 490 3541 Numa
510 3499 542 3563 p.
557 3478 611 3562 69.
627 3479 665 3541 E.
688 3476 777 3541 fuisse
792 3498 892 3541 unum
907 3499 946 3540 ex
962 3474 1182 3563 Pythagoricis
1198 3498 1282 3563 prae·

244 3676 325 3740 item
346 3678 541 3766 Porphyrius
554 3679 622 3744 Vit.
640 3679 778 3767 Pythag.
795 3681 827 3762 ξ.
842 3680 907 3765 38:
931 3693 966 3744 et
979 3678 1121 3744 similiter
1137 3680 1224 3746 Plato
1236 3683 1283 3748 ci·

244 3790 332 3843 tatus
355 3779 527 3845 Plutarcho
542 3781 593 3845 De
610 3780 680 3845 lfid.
696 3795 729 3846 et
742 3780 824 3846 Osrr.
841 3803 874 3867 p.
889 3783 965 3866 361.
980 3781 1023 3845 A.
1047 3781 1099 3845 cui
1116 3783 1282 3870 Pythago-

113 3965 116 3975 Ι
243 3901 294 3946 raa
309 3880 371 3947 fuit
382 3882 495 3947 auctor
508 3882 594 3946 effati
611 3884 690 3970 Leg.
707 3884 765 3948 lV.
783 3904 817 3969 p.
832 3886 907 3948 601.
924 3883 974 3948 C:
994 3886 1166 3971 πρῶτονμὲν
1179 3889 1282 3969 φαμὲν,

226 3986 327 4065 τιμὰς
346 3989 398 4059 τοὶς
415 3985 478 4068 μετ’
494 3983 641 4066 ὅλομπίοος
654 4011 685 4049 τι
701 3986 749 4048 καί
763 3988 826 4061 τοὺς
840 3990 887 4064 τὴν
900 3984 980 4049 πόλιν
994 3985 1110 4072 ἔχοντας
1129 3988 1211 4067 θεοὺς,
1225 3993 1299 4064 τοῖς

240 4084 360 4171 χθονίοις
371 4082 405 4149 ἄν
417 4112 460 4161 τις
476 4087 541 4161 θεοῖς
554 4085 640 4173 ἄρτια
653 4089 701 4150 καί
716 4087 828 4176 δεύτερα
842 4088 889 4151 καί
904 4093 1037 4175 ἀριστερὰ
1047 4088 1132 4170 νέμον
1146 4090 1281 4176 ipsoram

243 4194 293 4250 τοῦ
307 4192 355 4263 τῆς
370 4189 510 4267 εὐσεβείας
524 4196 627 4253 σκοποῦ
641 4188 792 4275 τυγχάνοι·
807 4193 863 4264 τοῖς
877 4191 905 4253 li
918 4191 1021 4255 τούτων
1031 4189 1127 4255 ἄνωθεν
1136 4196 1175 4254 rai
1184 4218 1280 4278 περιτ·

240 4293 278 4352 τοὶ
291 4290 339 4353 καί
353 4288 491 4373 ἀντίφωνα
503 4294 559 4365 τὀῖς
573 4290 720 4376 ἔμπροσθεν
737 4293 836 4377 guirici
852 4300 895 4356 νῦν
909 4293 951 4371 δή.
997 4293 1035 4355 ln
1058 4292 1281 4359 Themistoclis
