2714 4770
193 335 257 411 362,
330 326 657 391 .1›.w.AN1MADV.
678 326 726 385 IN
745 322 981 385 Puv'raacm
1002 322 1087 383 ΗΒ.

191 499 241 558 τοῦ
262 490 400 575 δαιμονίου
421 491 600 573 καταφρονεῖν
617 485 806 570 τολμῆσανοος
828 486 875 549 τὸν
898 481 1038 570 οέρηροένοο
1062 480 1170 569 τρίπον
1193 479 1241 544 iro*

192 605 246 659 τῶν
260 596 323 658 θοῶν
337 591 469 679 τιμωρίας
487 589 647 669 ἠξιώθησαν.
692 588 792 655 Quod
813 601 922 653 autem
947 585 1150 652 Plutarchus
1171 583 1242 649 Μ.

192 695 249 775 ait,
269 701 302 760 lx
320 698 391 770 τινος
409 693 512 772 αἰτίας,
532 691 596 757 hoc
615 691 709 778 quale
728 691 765 755 lit
784 688 933 777 suspicari
952 687 1031 753 licet
1049 710 1095 753 ex
1118 687 1245 775 Ephori

193 798 373 865 narratione
395 794 483 881 apud
503 793 698 859 Athenaeum
714 792 829 858 L.V1.
851 814 884 879 p.
902 809 977 877 232.
995 791 1035 854 E.
1050 804 1092 854 et
1107 809 1187 877 233.
1205 791 1246 854 A.

187 901 308 987 Ἔφορος
321 901 362 978 li,
375 898 392 976 il
407 897 565 979 Δημόφιλος
580 901 593 959 ὃ
607 896 661 970 υἱός
675 898 772 974 αὐτοῦ,
788 897 861 979 huj
875 897 1029 979 τριακοστῇ
1042 899 1106 956 τῶν
1122 897 1247 979 irupi-

193 1006 253 1090 κορὶ
268 1009 318 1066 τοῦ
331 1005 358 1065 έν
373 1005 491 1079 Διλφοῖς
506 1004 575 1083 ἶιροῦ
588 997 680 1082 λέγων
694 995 786 1078 φησέν.
829 995 1010 1084 Ὀνόμαρχος
1025 995 1057 1058 li
1074 995 1129 1058 aral
1144 995 1247 1060 ‹biit-

174 1104 244 1182 ’λος
263 1107 311 1170 καὶ
331 1105 489 1181 Φάλαικος,
503 1105 533 1163 οὐ
552 1099 633 1182 μόνον
650 1097 762 1163 ἅπαντα
780 1102 818 1164 rol
831 1105 880 1161 τοῦ
894 1098 952 1161 θεοῦ
964 1097 1156 1180 έξικέμισαν,
1170 1102 1249 1163 a»)

194 1211 227 1273 ri
241 1210 398 1272 τιλουταῖον
417 1210 447 1268 αι’
464 1205 593 1290 γυναῐκις
607 1205 698 1265 αὐτῶν
711 1199 758 1265 τέο
771 1227 803 1265 τι
815 1206 862 1276 τῆς
874 1197 1027 1288 Ἐριφιέλης
1043 1197 1161 1282 κόσμον
1182 1200 1250 1265 in·

195 1314 256 1394 βον,
269 1310 299 1375 ὃν
310 1306 476 1390 Ἀλκμαίων
491 1311 527 1380 οἷς
542 1307 667 1387 Δελφοὺς
683 1303 807 1383 ἂνέέηκο,
829 1303 1012 1378 κολούσαπος
1031 1310 1088 1366 τοῦ
1109 1305 1183 1368 θοοῦ·
1206 1306 1251 1367 ul

195 1416 299 1488 τένιῆς
313 1408 427 1486 Ἑλένης
441 1406 521 1493 ὅρμον
535 1406 680 1470 Μενελάου
694 1402 987 1482 ἀναθέντος-Συνέβη
1002 1405 1032 1468 li
1047 1410 1120 1481 ταῖς
1130 1406 1252 1492 γυναιξὶν

197 1515 249 1602 έριν
263 1515 389 1596 luxurie
400 1511 460 1596 πορὶ
473 1517 523 1572 τοῦ
538 1509 642 1591 κόσμου
656 1508 764 1587 τούτου,
778 1507 883 1594 ποτέρα
901 1508 1015 1594 clupea
1034 1508 1185 1587 λῆψκαι·
1207 1510 1251 1573 ul

195 1613 440 1702 διακληρουμένων,
455 1618 470 1689 ἡ
484 1612 535 1694 μέν
547 1613 690 1697 σκυθρωπὴ
705 1609 776 1675 οὗσιι
791 1612 867 1673 κατὰ
879 1610 924 1672 τοι
939 1608 1002 1686 βίον
1015 1610 1070 1673 καὶ
1085 1610 1253 1692 σομοέηπς

195 1720 309 1805 ολέηρης,
324 1718 370 1780 τὸν
386 1714 535 1802 Ἐριφύλης
553 1712 675 1797 έρμον,έη
695 1712 723 1777 li
742 1711 799 1798 ὥρᾳ
817 1709 984 1798 διαφέρουσα
999 1711 1052 1774 καὶ
1070 1712 1198 1799 μάχλος
1209 1713 1253 1779 ol·

197 1847 250 1901 σα,
265 1820 312 1884 τὸν
324 1824 371 1896 τῆς
383 1815 510 1895 Ἑλένης·
534 1821 582 1881 καὶ
597 1815 667 1895 wir»,
680 1818 730 1899 μέν
741 1818 889 1899 έρασθιῖσω
899 1813 1048 1880 νιανέσκου
1063 1818 1143 1893 τινος
1156 1821 1254 1883 Ἤτοι·

197 1924 296 2013 ρι’νιιυ,
321 1921 541 2002 συνοξιδῆρησον·
571 1921 637 1997 ἡδὶ
658 1923 699 2004 τῷ
720 1919 794 2006 ἀνδρὶ
816 1918 930 1982 θάνατον
953 1916 1158 1997 ίβοιέλουσννο
1190 1919 1255 1985 hnc

198 2025 300 2115 igitur
313 2022 408 2088 caula
421 2021 510 2086 luiffe
523 2020 650 2087 videtur
663 2022 741 2101 filio,
756 2045 816 2087 cur
831 2035 896 2087 tam
910 2043 1048 2109 gravem
1064 2021 1105 2088 iu
1120 2034 1256 2089 matrem

118 2148 124 2161 ¹
198 2128 385 2214 conciperet
409 2123 503 2202 iram,
525 2123 614 2210 quod
638 2123 693 2189 illa
717 2123 800 2212 patri
826 2137 964 2188 mortem
992 2124 1257 2192 machinantur.

199 2229 353 2318 Delphici
366 2241 476 2293 autem
487 2226 605 2313 templi
621 2227 721 2314 spolia
734 2226 782 2292 vel
797 2225 1004 2293 mercenariis
1019 2226 1094 2293 suia
1108 2227 1256 2294 distribu-

199 2346 295 2399 erunt
308 2331 423 2411 doceo,
434 2329 483 2395 vel
499 2329 622 2394 deliciis
635 2328 723 2395 douo
738 2328 916 2395 dederunt=
939 2351 1015 2415 quae
1040 2342 1166 2397 tamen
1189 2354 1256 2397 mu·

200 2458 277 2501 nera
295 2432 451 2521 plerisque
469 2431 518 2497 rel
538 2431 669 2496 inlausta
693 2431 742 2497 vel
764 2430 940 2519 perniciosa
960 2431 1126 2513 fuerunt,
1146 2448 1188 2501 ut
1206 2434 1258 2501 Τι-

200 2557 302 2602 maeut
326 2548 482 2600 memorat
503 2557 555 2620 ap.
577 2535 774 2599 Athenaeum
795 2537 835 2598 L.
857 2534 954 2598 Xlll.
975 2556 1011 2620 p.
1029 2538 1120 2622 605.
1140 2538 1257 2603 A-D.

200 2640 253 2705 De
266 2638 316 2703 hia
329 2637 436 2725 spoliis
452 2636 644 2724 peculiarem
667 2636 784 2701 librum
800 2635 982 2721 conscripfit
995 2636 1258 2728 Theopompus,

200 2756 238 2807 ut
251 2743 372 2806 constat
386 2762 426 2805 ex
439 2738 554 2804 eodem
569 2740 730 2803 Athenaeo
743 2740 782 2802 L.
798 2740 877 2803 Xll.
894 2759 926 2824 p.
937 2757 1016 2823 532.
1035 2740 1089 2806 D.

245 2848 370 2931 Ξεναγδν
383 2843 426 2908 est
445 2843 477 2907 in
498 2841 602 2906 Mstis
623 2841 710 2909 Vols.
731 2841 825 2906 Harl.
846 2839 931 2906 Coll.
951 2840 1094 2908 Schott.
1119 2858 1158 2910 et
1182 2844 1258 2911 Coa

201 2947 360 3036 Xylaudr.
396 2943 563 3010 fflitlones
578 2966 692 3009 omnes
704 2946 865 3029 ξιιαγωγόν
878 2942 1049 3023 exhibent,
1064 2947 1167 3033 quod
1181 2971 1259 3036 pn·

143 3053 191 3114 48
203 3064 347 3136 terquam
368 3047 399 3111 in
418 3046 548 3111 Polluce
564 3047 590 3110 l.
609 3065 682 3131 129.
698 3046 760 3109 111.
776 3047 832 3129 58.
845 3044 900 3108 ubi
915 3043 1044 3108 eadem
1062 3069 1169 3113 voees
1184 3072 1259 3114 cou-

203 3150 394 3228 funduntur,
407 3149 515 3235 legere
531 3171 583 3213 me
597 3171 660 3212 non
678 3148 822 3212 memini.
869 3145 968 3211 Reae
990 3146 1170 3236 interpres
1182 3150 1259 3219 red·

203 3255 284 3320 didit
306 3256 451 3317 dubiumr
471 3251 691 3340 peregrinorum
712 3250 851 3315 militum.
895 3249 949 3315 Sic
967 3251 1063 3336 apud
1085 3254 1260 3342 Thucydi·

202 3354 277 3420 dem
294 3355 434 3419 occurrit
446 3357 484 3418 L.
499 3357 544 3418 ll.
559 3376 589 3418 c.
602 3371 655 3439 75.
671 3354 727 3418 ubi
743 3353 805 3419 vid.
822 3353 931 3419 Schol.
947 3367 982 3418 et
994 3355 1167 3424 Waffius.
1192 3360 1260 3424 Par·

203 3457 316 3523 thenio
330 3454 352 3519 l.
367 3478 397 3520 c.
414 3454 517 3520 Aristo
532 3470 665 3520 vocatur
678 3455 804 3520 Οἰταίων
818 3455 986 3540 προστάτης.

244 3579 321 3645 553.
337 3561 374 3624 Ε.
397 3558 547 3622 Χελιδόνιον
567 3563 628 3620 τινὰ
650 3562 775 3623 νιοσσιιὶν
796 3585 830 3643 τη
852 3556 948 3643 λόγχη
964 3556 1065 3645 νέξας]
1095 3562 1261 3628 Himnffl.

202 3686 277 3727 nem
293 3662 422 3741 laedere,
438 3677 476 3727 ut
488 3661 680 3747 hodiequea
695 3661 818 3742 multis,
833 3661 873 3725 fic
888 3658 1075 3745 antiquitus
1091 3666 1196 3731 nefas
1211 3667 1262 3731 ba·

202 3765 360 3831 bebatur:
378 3764 440 3829 vid.
456 3763 579 3829 AElian.
597 3766 643 3827 H.
660 3766 703 3827 A.
722 3766 748 3827 1.
763 3765 819 3850 58.
855 3760 978 3826 Eadem
993 3774 1028 3826 et
1043 3763 1175 3851 ignota
1190 3788 1266 3833 voca

202 3867 292 3954 loqui
310 3881 343 3934 et
364 3866 544 3932 reconditas
564 3888 614 3931 ree
633 3865 807 3952 fignificare
821 3864 1005 3951 putabatur,
1019 3865 1090 3930 vid.
1109 3870 1264 3960 AEscbyl.

203 3969 324 4054 Agam.
353 3968 395 4031 vs.
423 3969 534 4050 1046.:
558 3968 601 4033 ob
625 3989 761 4052 eamque
786 3966 911 4031 causam
938 3987 1010 4030 earn
1042 3968 1265 4062 Pythagorici

203 4071 436 4150 aversabantur,
461 4084 499 4135 ut
525 4069 621 4135 refert
648 4068 838 4134 Plutarchus
860 4067 1006 4156 Sympos.
1032 4070 1078 4134 L.
1102 4073 1212 4143 VIII.
1233 4096 1265 4162 p.

205 4187 280 4255 727.
294 4170 339 4235 D.
378 4171 499 4235 Confer
514 4168 740 4244 H.‚Valefium
762 4169 802 4234 ad
825 4171 1026 4256 Harpocrat.
1047 4194 1086 4261 p.
1110 4198 1172 4266 ¹3·
1216 4185 1266 4251 Ι),

203 4272 295 4339 Bello
313 4273 377 4338 hoc
396 4272 440 4337 nil
461 4272 625 4359 proditum
644 4273 700 4338 est.
745 4272 871 4338 Bassum
887 4271 1106 4345 Corinthium
1125 4285 1265 4370 panici.
