2714 4770
272 347 329 406 nn
351 347 459 407 rsrnn
480 347 732 431 nrosnuon
752 366 781 426 p.
796 346 911 424 3⁸3·1·'·
927 347 1062 424 goe-A.
1126 348 1184 428 ιο,

146 525 179 591 p.
197 506 250 571 82.
270 508 306 571 F.
351 507 405 572 Ad
428 521 578 588 mortem,
601 506 634 572 id
655 508 709 586 est,
730 528 795 571 non
817 505 1009 572 laxationem
1029 506 1129 573 animi
1148 507 1192 583 in,

145 628 291 694 corpore,
305 608 358 673 sed
372 609 607 675 dissolutionem
629 631 667 674 ac
689 609 918 696 separationem
932 608 1062 674 alterius
1079 609 1125 673 ab.
1134 607 1183 673 al·

145 722 227 790 tero,
251 709 421 777 difflonem
445 713 529 778 hunc
552 713 661 778 retulit
683 712 853 777 Lucretius
877 714 938 777 iii.
960 733 1040 800 949²
1068 710 1102 774 V
1100 709 1186 776 itales

119 879 124 886 ,
146 813 258 878 onimae
277 816 363 882 nodos
381 839 398 878 ε
419 830 534 903 corpore
545 814 655 897 solvit.
699 813 854 903 Virgilius
876 815 953 879 AEn.
974 816 1033 880 IV.
1053 816 1129 902 695.
1150 812 1185 878 in

145 914 238 979 obitu
256 914 634 982 Didonis-Juno-—Irim
653 917 725 981 dnn
713 917 759 1001 fit
780 915 914 1003 Olympo,
932 914 1008 1002 Quae
1027 915 1187 979 laudantem

146 1017 278 1081 animam
292 1019 434 1107 nexosque
446 1017 601 1106 resolveret
615 1031 713 1084 ortus.

190 1120 266 1206 383.
282 1122 318 1185 F.
340 1121 372 1183 τθ
393 1122 579 1197 φανταστικὸν
598 1123 645 1185 καθ
660 1122 782 1185 θικτινιθν
797 1119 934 1208 ὀντθροιν”
914 1145 1004 1204 ασπερ
1018 1117 1185 1204 κάτοπτρον]

150 1221 386 1308 Comparatio
378 1245 410 1287 ιιι
432 1221 636 1287 divinationis
650 1237 842 1311 argumento
856 1222 1017 1308 usurpata.
1063 1213 1187 1286 Plutar-

149 1321 213 1387 cho
228 1347 256 1387 v.
272 1345 302 1388 c.
319 1325 370 1389 De
387 1324 509 1412 Pythiae
525 1325 623 1390 Orac.
641 1345 673 1410 p.
686 1345 762 1407 404.
779 1324 819 1389 C.
855 1322 983 1391 Defeii.
999 1323 1097 1388 Orac.
1111 1340 1189 1408 433.

149 1426 181 1489 Α
194 1450 202 1490 τ
226 1425 392 1513 θγρθτης-
401 1425 561 1514 κατόπτρων
574 1427 690 1512 θάγουσα
706 1430 754 1491 καθ
766 1429 902 1513 μιχθεῖσα
916 1427 982 1514 πρὸς
995 1423 1066 1512 diga
1080 1426 1191 1509 ἀφαιρεῖ

151 1530 199 1606 τὴν
217 1529 402 1617 λαμπρότητα
420 1531 468 1593 καθ
486 1532 518 1593 τὸ
536 1529 652 1617 φέγγος·
676 1529 828 1595 rotro-rto
842 1555 873 1596 τε
886 1529 972 1592 πάλιν
993 1526 1029 1592 αὖ
1050 1525 1191 1613 περιψύξει

147 1656 201 1696 τινι
221 1632 269 1696 καθ
288 1632 423 1697 πυκνώσει
438 1639 490 1696 τοῦ
500 1635 665 1714 πνεύματος,
684 1633 737 1696 οἷον
750 1635 826 1718 βαφῇ
841 1632 948 1719 σιδήρου
961 1631 993 1695 πθ
1012 1655 1188 1717 προγνιοττι-

151 1735 198 1800 uir
220 1734 311 1822 μθριον
333 1735 492 1799 ἐντείνεσθαι
515 1736 562 1798 καὶ
586 1737 755 1818 στομοῦσθαι
783 1740 829 1811 τῆς
857 1735 964 1819 ψυχῆς,
987 1737 1035 1796 οὐκ
1060 1731 1191 1797 ἀθάνατόν

150 1842 221 1902 ὄττι·
246 1837 286 1902 src
311 1838 397 1901 enim
416 1835 524 1902 adhuc
544 1835 718 1924 legendum
738 1849 902 1922 putamus.
930 1833 1076 1921 Sympos.
1091 1834 1190 1900 V111.

153 1941 228 2024 7⁵36.
244 1941 293 2005 A:
317 1944 372 2014 τοῖς
394 1941 421 2003 di
442 1938 557 2022 σῶμασι
577 1942 629 2014 τὰς
647 1940 746 2024 ψυχὰς
763 1940 914 2019 συμπαθεῖν
928 1935 1051 2021 ἀνάγκη,
1068 1936 1115 2000 καθ
1129 1935 1190 2018 μά-
1263 2028 1266 2033 ¹
1338 1982 1341 1997 .

152 2056 241 2105 λιστα
259 2042 449 2128 παχνουμάνου
462 2048 511 2105 τοῦ
526 2041 678 2123 πνεύματος
691 2042 880 2126 ἀμαυροῦσθαι
895 2040 927 2102 τθ
941 2039 1084 2121 μαντικὸν,
1099 2034 1192 2128 ὥσπερ

153 2148 308 2230 κάτοπτρον
328 2143 448 2229 θμθχλης
468 2140 726 2225 ἀναπιμπλάμενον.
772 2140 932 2208 Aristoteli
952 2142 1004 2208 De
1025 2137 1193 2206 Insom'niiu

155 2263 186 2312 u.
204 2268 237 2332 p.
247 2247 323 2327 426.
335 2249 377 2334 AF..
392 2260 425 2311 et
439 2245 581 2315 Divinat.
595 2247 709 2311 Somn.
725 2265 757 2312 2.
772 2267 805 2333 p.
819 2266 896 2334 430.
911 2246 953 2311 G.

197 2371 230 2436 p.
244 2350 321 2434 384.
344 2351 388 2414 A.
410 2355 433 2413 oi
456 2349 653 2437 Πυθαγόρειοι]
680 2348 883 2417 Jaulblichuu
904 2348 973 2414 Vit.
1001 2347 1140 2437 Pythag.
1159 2348 1193 2438 ᾗ.

152 2453 174 2515 6
174 2466 212 2535 5:
236 2450 282 2514 ini
293 2476 324 2513 τε
339 2447 417 2514 ὕπνον
436 2450 553 2540 irripere
566 2449 734 2538 τρεπομάνουν
747 2459 801 2516 τιῖιν
815 2456 951 2535 θμιλητῶν
964 2450 1130 2529 ἀπήλλαττε
1142 2450 1195 2534 μὶν

153 2553 250 2629 αὐτοὺς
266 2561 321 2618 τῶν
339 2560 467 2640 ἡμερινοῖιν
485 2561 620 2640 ταραχῶν
635 2554 683 2617 καὶ
699 2552 890 2638 θνινχημάτονν,
905 2554 1057 2642 θιτιιάθαιρί
1070 2580 1103 2618 τε
1116 2577 1192 2639 συγ·

154 2655 375 2736 νεκλυθασμάνον
388 2657 420 2717 ri
434 2655 565 2732 νοητικθν,
581 2653 702 2739 ἡσθχους
724 2680 755 2716 τι
777 2655 825 2718 καὶ
844 2654 995 2740 εθονεθρους,
1016 2654 1055 2717 ἔτι
1075 2655 1102 2717 ii
1121 2681 1195 2736 μαν-

153 2758 246 2831 τικοὺς
258 2758 320 2830 τοὺς
334 2755 429 2830 ὕπνους
442 2759 533 2829 αὐτοῖς
547 2755 742 2842 ἀπειργάζετο.
786 2755 1026 2822 Ουὶιιᾶἰθὶαῐιιιυ
1040 2756 1121 2821 «Inst.
1135 2757 1194 2823 Or.

158 2859 219 2924 IX.
239 2879 275 2939 4.
294 2881 328 2946 p.
344 2859 425 2943 832:
448 2856 648 2946 Pythagoreis
668 2869 743 2921 certe
763 2859 849 2922 moris
859 2857 941 2945 fuit,
963 2871 993 2923 et
1013 2883 1077 2923 αεννι
1095 2858 1196 2946 evigi-

158 2959 277 3047 laffent,
292 2958 402 3025 animos
423 2961 467 3024 od
484 2957 579 3045 lyram
593 2959 731 3040 excitare,
746 2984 802 3047 quo
816 2961 902 3048 effert
915 2963 959 3025 od
970 2961 1119 3048 agendum
1132 2984 1196 3026 ere·

159 3062 280 3131 otiores.-
300 3075 339 3142 et,
356 3064 560 3151 cumsomnum
566 3074 711 3151 peterent,
724 3063 768 3127 nd
780 3064 909 3128 eamdem
916 3065 1000 3154 prius
1014 3062 1106 3128 lenire
1117 3088 1197 3129 mert-

158 3179 213 3246 tes,
234 3179 279 3244 ut,
290 3167 326 3253 ſs
341 3163 534 3254 quidsuifflt
548 3166 741 3231 turbidiorum
759 3167 975 3255 cogitationum,
989 3178 1197 3256 componerent.

159 3268 353 3337 Censorinus
369 3269 420 3335 De
435 3268 499 3337 Die
513 3267 624 3334 Natal.
640 3270 718 3334 Xll.
736 3269 770 3357 p.
782 3271 842 3354 56:
865 3271 1069 3358 Pythagoras,
1081 3282 1115 3335 ut
1128 3269 1214 3335 oni·'
1322 3311 1324 3320 ·

158 3397 237 3438 ννιιεινι
244 3373 310 3460 suo
316 3371 436 3460 semper
454 3371 615 3437 divinitate
629 3370 781 3451 imbueret,
792 3372 965 3462 priusquam
972 3374 1010 3463 se
1018 3374 1120 3463 fhmno
1140 3373 1198 3437 da·

159 3486 215 3554 ret,
230 3487 258 3540 et
271 3499 361 3563 quum
375 3476 441 3561 effet
454 3475 633 3563 expergitur,
648 3474 764 3540 cithara
778 3487 812 3539 ut
822 3473 932 3562 ferunt
946 3489 1068 3541 cantare
1082 3475 1198 3564 consue·

159 3589 269 3643 verat:
291 3577 348 3642 ubi
360 3577 466 3663 plures
479 3578 577 3644 etiam
593 3579 684 3644 testeo
698 3577 847 3644 excitavit
860 3578 1132 3667 Lindenbrogius.

204 3680 280 3767 384.
295 3681 339 3745 A.
353 3677 444 3767 ὅσπιρ
459 3679 519 3744 iuret
532 3690 587 3746 τῶν
601 3683 713 3767 ἰατρῶν]
731 3681 1018 3768 Transpofitionem
1030 3681 1062 3745 in
1078 3683 1199 3764 Emen-

161 3781 347 3848 dationibur
371 3782 502 3867 potitam
524 3782 635 3849 suadet
654 3807 730 3850 cum
750 3783 816 3872 ipsa
831 3807 892 3865 res,
908 3798 978 3850 turn
995 3805 1113 3849 nomen
1128 3788 1199 3849 εἰια·

162 3885 312 3968 λυμάτων,
326 3883 448 3948 ciborum
463 3887 716 3973 consumendarum
724 3910 739 3962 ,-
761 3907 859 3973 quom
875 3908 939 3952 non
955 3908 1037 3973 opus
1051 3885 1112 3952 erit
1126 3909 1200 3952 mu·

163 4001 231 4053 tare
254 3986 302 4051 vel
324 4008 400 4051 cum
422 3987 598 4053 Meziriaco
620 3988 652 4053 in
674 3988 844 4076 ἀρωμάτων,
860 3988 908 4053 vel
930 4010 1004 4053 cum
1025 3987 1153 4075 Squirio
1167 3988 1201 4054 in

162 4089 379 4172 ἀναθυμιάσεων.
426 4089 564 4155 Accedit
584 4091 757 4172 audioritas
778 4090 954 4156 Aristotelis
975 4090 1015 4156 ad
1035 4112 1131 4178 quem
1148 4091 1203 4156 hic

164 4192 254 4258 locus
270 4193 379 4259 referri
398 4193 534 4274 videtur,
555 4195 606 4259 De
630 4194 714 4259 Part.
735 4193 877 4259 Animal.
900 4196 944 4259 11.
965 4209 997 4280 7.
1019 4216 1052 4282 p.
1067 4197 1142 4277 604.
1165 4195 1202 4273 1²,

166 4294 209 4361 G.
225 4294 281 4362 ubi
295 4295 337 4361 de
350 4297 454 4363 cauisa
469 4295 572 4364 somni
587 4295 744 4364 traditur:
760 4296 840 4363 item
855 4298 907 4363 De
921 4298 1043 4365 Somno
1053 4311 1092 4362 et
1103 4293 1205 4393 Vrgii.
