2714 4770
537 346 802 407 rnnrtrro.
1133 361 1193 427 ton·

149 505 248 592 usque
267 506 334 587 est;
356 506 416 572 tine
438 505 621 594 explicandi
645 504 815 585 rationem,
840 503 922 571 adeo
946 503 1106 571 subtiliter
1125 505 1194 577 ele-

148 620 329 697 ganterque
351 608 523 696 disputavit
544 607 749 688 Plutarchus,
768 621 818 689 ut,
837 609 1036 675 summorum
1053 606 1195 672 virorum

144 708 281 796 judicio,
301 712 446 799 proxime
467 711 509 778 ad
530 711 721 778 cbnstianae
736 709 891 777 debirinae
911 709 1123 798 prestantium
1138 732 1195 780 nc·

151 813 472 881 cererin—scilicet
493 837 569 881 cum
591 814 781 902 popularem
806 812 931 879 efficere
955 811 1196 900 Philosophiam

151 914 299 999 studeret,
314 928 349 983 et
367 917 401 984 id
420 916 541 1004 ubique
558 917 727 1004 spectaret,
744 929 783 981 ut
802 915 843 981 de
860 916 957 981 rebus
973 937 1047 1003 quae
1062 915 1104 981 ad
1120 914 1195 980 vitae

150 1017 323 1100 tutionem,
336 1020 378 1086 ad
397 1019 616 1087 emendandos
632 1040 751 1100 morer,
766 1032 801 1085 ct
820 1017 862 1084 nd
879 1020 963 1084 bene
976 1019 1135 1106 beateque
1149 1018 1196 1083 vi⁴¹

149 1121 290 1187 tendum
312 1123 524 1211 pertinerent,
549 1122 729 1201 differem,
758 1121 842 1188 hunc
870 1142 1001 1209 quoque
1025 1119 1067 1186 de
1091 1119 1197 1208 prenin
1286 1149 1287 1152 ¹

149 1221 266 1289 divinis
287 1224 466 1294 doetrinarn
487 1223 710 1311 αρὶίοαιιὼω
728 1223 784 1291 tibi
801 1223 863 1290 effe
876 1223 1014 1310 putavit.
1057 1223 1196 1309 Magna,

100 1323 106 1334 '
150 1324 214 1391 fine
232 1327 347 1410 dubio,
364 1342 400 1394 et
416 1326 555 1393 difficilis
576 1327 726 1416 qutesti03
748 1326 790 1393 de
808 1348 873 1415 qua
884 1325 955 1414 jem
975 1323 1197 1413 antiquiffimir

149 1431 351 1518 temporibut
380 1429 465 1497 reric
494 1429 760 1519 Philosophorum
784 1429 847 1495 fuit
869 1427 1040 1497 sententie.
1086 1426 1196 1515 Hujue

149 1532 370 1619 petroniniurrr
385 1554 461 1599 curn
476 1531 539 1597 tibi
558 1530 708 1599 nonnulli
721 1529 896 1598 sumiiffeut
909 1529 1109 1610 Stoicorum,
1120 1552 1196 1599 eum

150 1634 232 1701 ιὼὸ
252 1635 415 1702 horridam
436 1634 641 1724 rigidaeque
661 1636 821 1714 fecerunt,
834 1647 875 1700 ut
892 1646 998 1722 neque
1016 1632 1087 1699 aliie
1102 1632 1197 1724 facile

149 1738 352 1822 prnbmnn,
376 1739 419 1805 ab
444 1737 611 1824 Epicureis
635 1758 711 1804 vero
733 1735 947 1802 deridemur
991 1735 1080 1801 Cum
1107 1718 1196 1807 enin

151 1839 386 1905 Providentiam
408 1840 582 1905 statuerent
596 1839 748 1904 omnibus
761 1835 965 1924 minimisque
978 1837 1129 1906 humanit
1143 1861 1196 1906 re·

149 1939 211 2005 bur
231 1941 344 2028 prtesto
364 1940 470 2021 effe,
461 1963 496 2005 ru
513 1918 628 2007 omnin
648 1940 793 2020 influere,
814 1938 987 2005 hominum
1008 1938 1126 2006 delicia
1147 1941 1197 2007 vel

150 2042 314 2130 extemplo
333 2041 444 2110 ulcisci
457 2042 529 2108 u'el
520 2066 553 2108 rn
569 2042 700 2131 posteris
714 2040 848 2130 punire3
865 2063 931 2107 non
944 2039 1021 2107 sntio
1034 2040 1204 2146 habebant·

151 2144 291 2211 rationes
308 2168 349 2212 ex
367 2144 414 2211 rei
435 2158 550 2212 nutura
569 2144 685 2212 ductu
706 2143 901 2233 proposuiise
911 2167 923 2224 3
944 2143 1012 2224 sed,
1028 2157 1066 2211 nt
1080 2167 1198 2213 cumu-

150 2246 215 2313 late
235 2247 322 2314 ultro
342 2247 490 2335 suscepto
512 2247 640 2314 muneri
661 2247 892 2327 satisfacerent,
912 2245 1048 2312 niteram
1070 2270 1199 2337 quoque

151 2345 355 2416 certitudinis
374 2349 539 2437 opificem,
552 2349 784 2439 experientiam
798 2348 833 2415 in
853 2347 1010 2416 auxilinm
1025 2351 1199 2438 cogebant.

152 2452 218 2519 Hic
232 2474 308 2519 vero
320 2451 479 2542 quidquid
495 2453 536 2520 nd
549 2476 618 2521 rem
632 2453 738 2520 facere
751 2450 913 2519 videretur
925 2452 1019 2520 anxie
1028 2453 1201 2540 conquire-

151 2557 242 2635 bant,
258 2555 471 2644 exemplaque
493 2555 603 2636 dubia,
619 2569 654 2622 et
671 2579 745 2644 quie
767 2577 866 2621 nemo
887 2556 1006 2622 nonin
1028 2566 1200 2644 utramque

152 2671 276 2744 purtem
291 2658 438 2746 udciperc
452 2659 566 2745 poffet,
581 2659 821 2746 congerebantr
845 2655 933 2722 uude
953 2657 1076 2724 fadum
1091 2659 1147 2739 est,
1162 2673 1201 2727 ut
1227 2652 1230 2658 ¹

153 2757 409 2844 pulcherrimum
440 2757 521 2844 illud
547 2757 758 2824 Providentiae
785 2780 905 2824 nomen
931 2758 973 2824 ed
997 2759 1094 2824 risum
1118 2780 1199 2826 con·
1264 2803 1266 2806 >

153 2873 359 2947 temtumque
379 2859 612 2942 traduceretur,
632 2883 736 2948 ecque
757 2882 833 2925 mox
852 2859 1105 2948 Anurfatidica,
1124 2884 1200 2930 mox

154 2963 308 3053 Spectmen
328 2965 408 3052 quod
425 2964 552 3029 homines
568 2965 702 3053 agitaret
724 2987 760 3028 ac
781 2974 912 3043 terreret,
932 2979 967 3029 et
986 2964 1148 3032 diceretur
1165 2979 1201 3032 et

153 3065 338 3132 haberetur.
383 3066 480 3133 Nacti
503 3067 591 3133 enirn
613 3067 699 3132 hcnc
720 3065 830 3131 ansam
852 3065 1003 3152 Epicurei
1023 3065 1105 3133 mire
1125 3089 1199 3133 exe-
1282 3148 1284 3153 Α

153 3168 301 3257 gitarunt
313 3170 453 3250 Stoicos,
466 3170 614 3258 qnamvie
626 3168 814 3236 Dialedicae
828 3168 1041 3256 peritiffimoe.
1075 3176 1097 3210 “
1102 3169 1202 3259 Quod

153 3273 214 3339 “fl
233 3273 333 3353 eninr,
344 3273 490 3354 ciebunt,
504 3296 614 3339 verum
629 3273 673 3338 est
687 3286 843 3338 nocentes
858 3293 877 3334 a
890 3272 963 3338 Diis
977 3273 1096 3359 puniri,
1113 3274 1202 3341 unde

154 3383 181 3419 “
194 3380 238 3443 est
251 3376 339 3466 quod
359 3377 452 3442 maiis
467 3378 550 3442 bene
563 3376 612 3455 fit,
626 3375 720 3442 bonit
735 3389 849 3441 contre
859 3377 967 3440 i''-“
981 3376 1029 3447 At
1042 3376 1099 3442 suo
1115 3391 1200 3443 tern-

155 3485 180 3521 “
195 3499 273 3565 pore
294 3479 468 3566 aliquando
489 3478 626 3544 enubet
645 3476 790 3543 tribuent
812 3477 869 3544 Dii
893 3475 982 3566 quod
1003 3478 1203 3544 meruit.’'-·-

155 3588 181 3622 “
196 3582 286 3647 Bene
304 3604 390 3662 vero,
409 3583 429 3647 fi
450 3582 514 3649 hoc
534 3581 580 3647 ite
602 3582 729 3668 semper
750 3581 911 3647 facerent!
935 3582 1036 3646 Nunc
1058 3603 1133 3646 veru
1156 3581 1202 3647 vi·

154 3692 181 3726 “
196 3684 282 3766 dete,
304 3699 385 3771 quot
406 3684 485 3749 mcii
503 3683 563 3750 five
584 3683 705 3750 divitiis
719 3684 779 3749 slve
792 3682 963 3771 tyrannide
976 3682 1089 3771 injuste
1105 3684 1202 3771 potiti

154 3795 180 3829 “
195 3800 230 3854 et
250 3788 344 3853 beate
363 3785 498 3852 vixerint
518 3803 553 3853 et
574 3808 687 3874 poenae
707 3808 773 3852 non
788 3785 947 3851 dederint.
951 3785 1130 3851 ''-“Atfi
1147 3785 1201 3873 ipfi
1320 3822 1323 3833 ι

153 3897 180 3932 “
193 3911 308 3978 poenue
325 3889 512 3978 effugerint,
526 3911 576 3954 ere
595 3887 742 3956 eliberit
761 3901 796 3954 et
819 3887 993 4005 nepotibus
1012 3901 1204 3974 repetuntur

154 4001 179 4037 ‘¹
193 4010 230 4061 et
244 3993 456 4061 Providentia
466 3981 616 4082 justiiie
607 4016 641 4059 rn
663 3993 726 4058 fine
740 3990 876 4056 omnino
889 3989 1077 4056 elucetss’*
1032 3991 1204 4080 ‘Quid

153 4105 266 4165 “vero
290 4097 311 4164 fi
333 4111 392 4164 aut
416 4097 534 4179 liberos
556 4095 663 4162 nullon
684 4092 791 4160 maluo
812 4092 989 4180 reliquerit,
1010 4106 1067 4159 eut
1087 4096 1203 4182 posteri
1311 4132 1313 4137 >

158 4199 312 4266 “endem
331 4200 486 4266 felicitate
507 4200 734 4286 perfruentur?
758 4195 875 4263 deinde
893 4219 966 4284 que
982 4197 1026 4263 est
1041 4197 1096 4262 iste
1109 4198 1202 4264 Deo·

158 4306 267 4371 “cum
287 4303 438 4391 equitat,
459 4301 504 4369 ob
525 4315 695 4392 parentum
721 4299 899 4389 nequitiem
920 4298 1064 4380 insonter
1087 4299 1204 4387 punire
