2714 4770
230 327 286 407 19⁶
365 328 405 387 n.
425 326 474 386 w.
495 283 691 386 murana
713 326 755 386 ut
777 320 1010 385 raurancitr
1031 325 1109 384 ara.

69 566 72 579 Ι
123 464 157 535 ‘-
225 443 358 576 positam
380 485 525 553 bovinam
546 485 673 575 galeam
693 484 734 551 ad
751 483 914 550 redeuntia
933 482 1019 549 lunae
1031 503 1153 550 cornua
1173 480 1260 548 rele-

226 611 314 654 rens:
331 611 404 674 quae
418 589 495 653 item
511 589 544 653 in
560 589 673 652 lonem
689 586 801 653 Inachi
816 587 925 665 filiam,
937 609 1011 651 curn
1025 584 1112 650 Isidis
1125 583 1261 648 numine

227 691 511 770 communicatam,
521 703 720 777 congruunt:
737 690 778 755 de
793 712 857 777 qua
870 688 1003 758 Ovidius
1015 689 1098 759 Met.
1110 688 1170 753 lx.
1181 687 1244 752 686
1250 713 1260 752 ο

225 791 565 865 Ινιαοίιὶοι--ίιιοτανιί
586 790 709 855 lunaria
718 790 820 878 fronti
836 792 959 856 'shtnua
980 813 1043 854 cum
1056 788 1150 876 spicis
1170 788 1264 855 nitido

217 892 405 982 flaventibus
420 919 504 974 auro,
519 894 565 958 Et
578 893 680 981 regale
698 895 799 958 decus:
824 917 888 957 cum
909 917 969 980 qua
990 891 1116 955 latrator
1136 891 1263 957 Anubis.

228 995 353 1082 Capitis
374 995 496 1084 insigne
513 996 651 1084 regium,
673 1010 771 1082 caput
792 995 943 1060 bovinum
967 993 1023 1059 fibi
1042 993 1195 1080 imposuit
1211 996 1261 1058 A·

229 1099 332 1176 starte,
351 1099 427 1163 teste
453 1097 746 1179 Sanchoniathone,
770 1118 810 1162 ex
833 1095 1094 1182 interpretatione
1120 1095 1265 1161 Philonia

232 1199 338 1289 Byblii
353 1200 440 1287 apud
454 1201 568 1265 Euseb.
586 1202 687 1286 Praep.
702 1202 824 1286 Evang.
836 1201 883 1264 11.
894 1220 927 1284 p.
937 1199 992 1284 38.
1005 1197 1052 1263 C:
1067 1205 1082 1276 ἡ
1095 1199 1124 1265 δὲ
1137 1199 1265 1285 Ἀστάρ-

227 1326 262 1379 τη
285 1300 393 1378 tullian
412 1308 446 1388 τῇ
466 1301 521 1388 ἰδία
539 1307 645 1387 κεφαλῇ
667 1298 816 1382 βασιλείας
830 1299 1000 1388 ’ταςίιοημον
1015 1300 1264 1386 κεφαλὴν-τόμον.

231 1403 363 1471 Confer.
388 1396 547 1490 Cuperus',
568 1405 760 1489 Harpocrat.
784 1424 817 1487 p.
835 1422 906 1487 109.
944 1400 1044 1466 Fluvii
1064 1398 1210 1487 βοόνρανοι
1226 1423 1265 1466 ac

229 1505 406 1594 ταορίκρανοι
428 1506 460 1571 in
485 1507 672 1572 Graecorum
695 1505 809 1570 sabulis
830 1504 995 1569 feruntur:
1018 1525 1083 1589 quo
1105 1503 1146 1569 de
1167 1527 1264 1592 argu·

231 1620 344 1679 mento
365 1606 467 1672 brevis
487 1607 530 1672 est
551 1606 663 1672 notula
683 1605 802 1672 lortini
821 1605 905 1671 inter
924 1619 1015 1670 notas
1034 1605 1211 1692 Musgravii
1224 1603 1265 1670 ad

230 1707 391 1796 Euripidis
406 1710 506 1776 Orest.
522 1709 616 1795 1384.

273 1831 293 1896 3
295 1811 351 1896 58.
368 1812 411 1877 D.
426 1817 474 1875 τοῦ
488 1812 516 1875 li
528 1816 655 1894 Τυφῶνος
666 1810 741 1886 δίκην
756 1806 887 1897 τῷὯςφ
899 1807 999 1884 νοίοίας
1012 1808 1176 1895 anxiata]
1201 1812 1264 1876 Ra·

233 1911 280 1980 tio
295 1913 412 1978 sabulre
425 1911 598 2000 allegorica
611 1911 755 1977 redditur
769 1932 802 1997 p.
816 1930 892 1997 373.
907 1911 947 1976 B.

272 2017 351 2104 558.
361 2017 400 2080 Ε.
415 2016 660 2105 ἠλιτόμηνον-οόν
672 2013 874 2102 Ἁρποκράτην]
893 2015 944 2079 De
959 2015 1159 2099 Harpocrate
1169 2014 1267 2080 exstat

232 2116 433 2204 pereruditus
453 2117 541 2182 Gisb.
562 2115 682 2202 Cuperi
700 2115 800 2181 liberi
823 2129 858 2179 et
877 2113 973 2181 docta
988 2114 1163 2181 Jablonskii
1175 2137 1266 2182 com·

233 2218 390 2284 mentatio
401 2219 434 2283 in
451 2216 566 2283 Panth.
580 2219 657 2304 AEg.
674 2219 708 2281 P.
719 2219 747 2282 1.
763 2240 796 2303 p.
808 2237 882 2300 241.
897 2216 954 2305 qui
968 2216 1073 2305 ipsum
1089 2219 1269 2306 Harpocra-

232 2318 275 2383 tie
296 2339 415 2383 nornen
430 2318 624 2405 AEgyptium
638 2318 699 2383 esse
715 2332 749 2383 et
763 2318 953 2382 clauditatem
971 2318 1145 2405 significare
1163 2323 1269 2386 osten·

234 2417 294 2484 dit.
339 2419 551 2485 Homericum
565 2421 608 2484 est
621 2419 779 2502 ἠλιτόμηνον
793 2419 884 2485 Iliad.
898 2425 937 2484 Τ.
950 2423 1021 2485 118.
1037 2420 1077 2485 de
1089 2434 1184 2506 partu
1197 2420 1269 2506 sep·

234 2533 301 2586 tem
319 2520 485 2585 mensum.
522 2520 704 2586 Eustathius
726 2521 767 2586 ad
786 2521 821 2587 h.
836 2521 859 2585 l.
879 2521 1011 2608 exponit
1023 2524 1173 2602 ἂλιτηοας,
1187 2523 1271 2608 ἤγουν

233 2621 364 2710 ἄμαρτοίν
376 2621 526 2708 οἰτοτοχοίν
538 2633 592 2687 τῶν
607 2625 724 2701 carison
738 2624 811 2687 ἐννέα
824 2630 873 2686 τοῦ
883 2631 995 2687 τοκετοῦ
1009 2633 1108 2706 μηνῶν.
1146 2625 1270 2690 Confe-

234 2739 323 2792 ratur
342 2727 531 2814 Etymolog.
555 2727 606 2791 M.
629 2726 753 2791 Suidas.
798 2726 919 2790 Eadem
938 2727 1061 2792 ratione
1082 2726 1122 2793 de
1142 2727 1272 2794 Baccho

234 2827 316 2893 dixit
332 2828 424 2893 Philo
440 2825 518 2894 Jud.
534 2829 675 2892 Omnem
693 2829 784 2893 l‘rob.
819 2828 888 2891 Esse
910 2828 1061 2893 Liberum
1080 2850 1113 2915 p.
1131 2830 1207 2920 884.
1224 2833 1271 2896 E:

234 2931 374 3014 Σομίλης,
393 2930 472 3008 ἡνίκα
493 2929 623 2993 Διόνυσον
644 2930 728 3010 iau‘ar,
748 2931 793 2993 τὸν
810 2931 956 3017 ὥςισμένον
974 2929 1045 3018 οἷχςι
1060 2936 1108 3008 τῆς
1119 2932 1272 3010 ἆτοτίξοοις

232 3032 333 3121 χρόνον
358 3036 476 3117 ἐνεγκεῖν
500 3036 530 3096 οὔ
552 3032 710 3111 δυνηθείσης,
738 3035 931 3117 καταπλαγείς
957 3035 1025 3108 Ζεὺς
1049 3037 1096 3111 τὴν
1120 3040 1169 3096 τοῦ
1196 3039 1274 3098 κατὰ

235 3137 359 3221 γαστρὸς
383 3134 474 3216 φύσιν,
500 3137 658 3216 ἠλιτόμηνον
682 3133 825 3214 ἐξίναοοι,
849 3137 896 3199 καί
922 3137 1043 3219 ἰσότιμον
1065 3140 1121 3212 τοῖς
1144 3137 1274 3224 οὐρανίοις

233 3237 350 3323 ἀπέφηνε
378 3239 453 3310 θοοῖς.
495 3237 652 3302 Jocularis
674 3238 824 3302 elienor
846 3239 980 3325 Gyraldi
1005 3261 1145 3324 eumque
1171 3240 1273 3305 secuti

236 3337 380 3421 Kircheri
401 3337 517 3423 OEdip.
541 3338 619 3425 AEg.
648 3341 694 3403 ll.
714 3360 747 3426 p.
772 3359 843 3425 154.
867 3340 899 3404 in
925 3341 987 3405 hoc
1012 3340 1174 3409 Plutarchi
1200 3341 1273 3407 loco

236 3460 356 3513 nornen
377 3440 541 3527 proprium
561 3440 776 3506 Helitomeaum
797 3442 996 3508 facientium.
1040 3442 1115 3507 Alia
1137 3442 1178 3508 dc
1196 3466 1274 3509 voce

237 3541 361 3608 notavit
382 3542 480 3606 etiam
504 3542 678 3630 Xylander.
725 3543 918 3609 Conferatur
940 3558 974 3610 et
995 3544 1194 3612 Schmidtius
1216 3547 1278 3613 Vir

239 3643 292 3710 Cl.
310 3642 430 3730 Opusc.
446 3665 480 3731 p.
490 3659 545 3730 45.

270 3740 357 3834 558.
382 3748 421 3811 Ε.
440 3747 530 3834 Ὥρου
555 3746 748 3834 διαμολισμίν]
779 3747 920 3813 Reisstius
942 3749 1068 3814 volebat
1088 3749 1228 3837 Ὀσίριδος
1251 3755 1278 3817 δ.

237 3850 285 3916 At
308 3849 497 3919 Plutarchus
519 3847 559 3914 de
581 3850 722 3937 partibus
749 3850 891 3936 loquitur
912 3851 1029 3916 sabnlae
1054 3865 1133 3938 quas'
1159 3853 1278 3920 omisit.

242 3952 423 4042 Utxretulit
446 3953 575 4016 Horum
592 3950 672 4023 illidi
693 3951 807 4038 capitis
828 3952 949 4039 infigne
971 3953 1145 4034 detraxisse,
1168 3978 1188 4020 a
1208 3958 1279 4046 Ty·

241 4051 351 4140 phone
379 4053 478 4129 νοθείας
506 4055 702 4132 accusatum,
730 4077 749 4119 a
778 4054 839 4119 diis
866 4055 1061 4137 absolutum,
1081 4057 1283 4127 itadirotse

239 4153 352 4219 eadem
373 4156 406 4220 in
424 4157 518 4223 sacris
538 4156 657 4222 tradita
676 4156 765 4222 fuisse
783 4172 926 4244 apparet,
945 4159 1071 4224 Horum
1092 4160 1163 4224 Isidi
1177 4176 1282 4250 caput

239 4255 414 4338 manlium
438 4279 457 4323 a
475 4258 536 4324 diin
550 4257 810 4329 ‚condemnatum
832 4272 869 4324 ut
890 4261 1094 4327 membratim
1117 4261 1279 4352 discerpe·
