2714 4770
205 313 263 389 388
345 314 384 374 D.
404 313 453 372 W.
474 312 671 374 ANIMADV.
693 313 738 378 ΙΝ
758 312 1003 374 PLUTARCHI
1016 310 1115 371 m.

205 472 282 537 bulis
314 486 359 538 ml
369 472 540 559 simillima.
585 474 638 539 Est
657 473 789 561 quidem
805 472 891 560 apud
910 472 1092 539 Platonem
1109 468 1256 557 linquens

205 576 347 662 elliptica
367 576 489 642 locutio
511 581 533 640 tl
553 578 580 641 ll
602 577 696 656 βούλει
715 576 738 641 ἱ.
753 597 783 640 e.
789 578 824 661 fi
837 600 909 640 vern
921 574 1041 664 placet,
1057 575 1115 638 boc
1131 573 1189 637 libi
1200 596 1256 638 ιον·

194 681 282 758 eodo,
298 678 458 744 velt-hoc
470 679 686 763 confideremus,
701 702 732 746 ι.
748 701 777 743 c.
790 678 936 744 Menone
951 699 990 767 p.
1007 697 1067 764 13.
1085 677 1136 743 Α.
1166 674 1257 763 Ηὶρρ

207 779 290 867 Maj.
313 803 347 867 p.
362 782 416 866 96.
436 782 474 846 B.
520 780 667 870 Sympos.
686 798 720 868 p.
735 796 810 867 317.
832 783 874 844 A.
913 778 1053 845 Phaedr.
1080 800 1120 867 p.
1136 778 1213 868 338.
1227 779 1256 843 Β.

207 880 271 945 Sed
295 881 358 946 hoc
382 881 462 946 nihil
483 881 524 948 ad
547 882 635 948 huno
656 881 923 948 locuun-Voll'.
948 902 1017 969 pro
1038 881 1149 962 βοάλιι
1172 880 1259 945 habet

206 983 305 1070 βούλῃ.
936 1012 939 1017 ·

248 1102 323 1171 557.
342 1089 377 1151 F.
399 1092 462 1151 Τῶν
481 1085 612 1163 leofuuine
626 1086 674 1149 καὶ
687 1091 736 1162 τῆς
750 1092 837 1162 καλῆς
852 1085 954 1164 ἐκείνης
968 1084 1107 1174 mlix,
1129 1084 1165 1162 l*
1184 1090 1257 1168 Ψ·

205 1195 310 1274 ροῡντις
331 1190 393 1264 τοὺς
415 1188 552 1273 Πινδάρου
573 1187 736 1274 κηρύττουσι
757 1189 912 1271 λαμβάνειν
924 1187 1128 1274 exustione]
1155 1186 1259 1275 Dispu-

206 1291 284 1355 tavit
303 1290 344 1355 de
366 1292 430 1356 hoc
449 1290 525 1355 festo
543 1290 605 1356 Ed.
629 1290 779 1356 Corfinus
802 1292 881 1356 Fan.
903 1291 983 1355 Att.
1005 1291 1052 1355 Τ.
1069 1290 1124 1356 11.
1145 1312 1182 1378 p.
1195 1306 1257 1376 337.

206 1395 338 1458 Sacrum
358 1406 468 1458 autem
489 1409 559 1458 erat
576 1394 736 1479 ⁸primum
755 1395 822 1469 θεοῖς
840 1396 969 1474 ξιιικοῑς,
983 1392 1031 1458 de
1044 1394 1177 1480 quibus
1189 1395 1257 1458 ul.

206 1496 480 1560 Hemsterhufium
503 1496 545 1560 ad
569 1494 711 1584 Hesych.
731 1499 770 1561 T.
791 1497 820 1561 l.
843 1519 876 1584 p.
894 1498 1019 1583 1694:
1047 1495 1257 1577 deinde&

206 1597 303 1662 etlam
325 1597 409 1662 DliS.
432 1597 593 1685 .Delphis
615 1613 702 1664 certe
724 1597 860 1678 Θιοξένια
874 1597 1053 1665 eeleb'mta
1068 1599 1183 1682 suillo,
1194 1622 1255 1667 oon·

206 1699 264 1765 stat
284 1701 381 1766 etiam
404 1724 442 1765 ex
463 1701 624 1766 Athenaeo
644 1702 684 1766 L.
702 1704 762 1767 lX.
783 1723 816 1789 p.
832 1717 908 1787 372.
931 1702 978 1766 A.
1026 1704 1257 1782 Θεοφάιιιιυεο·

205 1818 375 1868 morantur
388 1803 430 1868 ab
452 1803 621 1869 Herodoto
634 1806 674 1868 L.
690 1805 718 1868 l.
735 1826 768 1890 p.
779 1822 834 1886 42.
852 1803 910 1870 ubi
927 1803 1008 1870 Cel.
1024 1805 1257 1873 Valckenarius

206 1904 385 1972 etiamnum
396 1905 488 1971 malit
504 1928 657 1993 reponem
671 1906 818 1985 Θεοξένια,
828 1907 881 1971 eth
900 1906 1078 1992 Θοοράνια,
1095 1911 1188 1997 apud
1200 1910 1256 1977 Pol·

206 2008 313 2073 lucem
328 2010 368 2073 L.
386 2011 414 2073 l.
429 2028 483 2095 34.
502 2021 537 2073 et
553 2008 776 2074 Philostratum
790 2011 831 2101 V.
846 2012 890 2073 A.
905 2012 947 2075 L.
966 2010 1036 2077 IV.
1061 2034 1102 2100 p.
1123 2031 1198 2098 171.
1213 2034 1256 2079 oo

206 2126 346 2176 currant.
391 2113 466 2175 Non
483 2110 640 2176 diversum
655 2110 745 2176 fuiffe
760 2110 885 2175 videtur
899 2110 968 2177 hoo
988 2113 1124 2181 festum
1138 2118 1182 2183 ab
1192 2120 1257 2180 'ller

206 2214 290 2300 λημία
307 2213 483 2287 ’Λπόλλωνος
504 2213 591 2299 apud
610 2212 772 2299 Delphos,
789 2213 830 2278 de
844 2234 910 2301 quo
926 2213 1153 2284 callimach.
1163 2222 1208 2287 Η.
1220 2222 1255 2285 Δ·

206 2315 283 2402 poll.
309 2315 348 2379 vs.
368 2315 419 2382 iu.
440 2328 474 2379 et
496 2315 542 2379 ibi
561 2318 620 2380 Ez.
640 2317 932 2403 Spanhem.-'l'dv
955 2317 1157 2389 delendum
1170 2322 1256 2390 oeulet

206 2415 440 2511 Reissiiushme
464 2415 595 2502 quidem
621 2440 687 2481 non
710 2432 912 2506 repugnante
920 2425 943 2484 t.
995 2423 1071 2489 Pro
1095 2429 1256 2515 ἅφαιςιὶπιι

206 2516 335 2582 mallem
361 2521 540 2606 ἐξαιροῦντες,
565 2518 654 2605 quod
682 2535 786 2600 notat,
807 2521 970 2610 portionem
999 2535 1120 2607 terra,
1145 2529 1256 2618 preda,

194 2619 264 2704 sive
289 2621 419 2685 alianum
444 2645 542 2684 rerum
567 2621 659 2685 alicui
682 2624 820 2687 eximiam
841 2627 966 2689 donare.
1017 2629 1086 2696 Sic
1112 2631 1256 2698 Plutarch.

207 2723 328 2788 Quaest.
348 2725 407 2789 Gr.
429 2745 462 2810 p.
479 2743 552 2809 294.
568 2724 608 2789 C.
630 2725 729 2813 μερίδα
743 2726 1063 2812 ἔξαάρετον-νάμουσι.
1091 2753 1129 2820 p.
1145 2734 1255 2821 299]-

147 2810 198 2902 69
206 2828 320 2903 ἐξεῖλον.
366 2825 577 2912 Xenophonti
594 2829 674 2913 Rep.
689 2827 808 2893 Laced.
824 2830 899 2894 XV.
916 2849 951 2916 3.
974 2834 1133 2920 ἐξαίρετος
1156 2837 1256 2903 dicitu

16 2942 19 2948 '
206 2950 243 2993 ea
257 2928 374 3014 portio.
413 2927 537 2993 Eodem
555 2928 646 2994 sensu
660 2930 749 2994 Plato
763 2930 873 3017 Alcih.
891 2934 918 2996 I.
935 2954 970 3020 p.
984 2953 1051 3021 33.
1070 2938 1117 3004 C.
1132 2953 1170 3005 et
1183 2941 1255 3005 Mu.

205 3033 282 3118 Tyr.
298 3034 393 3097 Vlll.
412 3053 441 3095 1.
464 3034 627 3113 ἐξαιρεῖσθαι
643 3036 694 3095 τινὶ
708 3032 747 3097 τί.
789 3035 930 3116 Ἀφαιρεῖν
949 3034 1085 3106 dubito
1100 3042 1171 3108 hoc
1184 3040 1256 3107 seusu

206 3132 313 3196 dixisse
329 3135 473 3199 Graecos.
508 3134 677 3220 Singulare
691 3135 744 3212 est,
759 3134 848 3220 quod
861 3157 899 3199 ex
914 3135 983 3201 hoo
997 3136 1088 3208 looo
1104 3143 1256 3222 discitum,

206 3234 295 3300 fuisse
310 3235 418 3300 adhuc
432 3259 472 3299 eo
487 3248 632 3322 tempore
647 3236 701 3323 qui
715 3258 818 3324 genus
833 3259 853 3301 a
869 3236 1014 3305 Pindaro
1030 3242 1214 3314 ducerent.

196 3360 197 3363 ’
249 3358 282 3423 p.
296 3337 374 3421 558.
390 3337 432 3400 A.
451 3335 599 3400 Μέλαιναν
614 3339 727 3423 καρδίαν
742 3340 934 3425 κεχάλκευται
949 3343 1070 3432 ψυχρᾷ
1085 3349 1192 3434 φλογὶ,
1207 3349 1256 3412 ιε’

206 3441 287 3504 αὐτὸν
301 3439 346 3503 τόν
360 3437 521 3526 Πάνδαρον]
549 3442 631 3505 Haec
651 3441 683 3504 in
707 3441 844 3521 Pindari,
860 3464 931 3528 quoe
944 3456 1088 3531 extant,
1105 3452 1194 3518 Odia
1205 3474 1256 3517 non

205 3540 377 3629 leguntur:
402 3563 511 3607 verum
534 3540 566 3606 in
586 3543 782 3630 fragmento,
800 3541 887 3630 quod
908 3542 1084 3617 debemuh
1104 3552 1258 3621 Atheneo

207 3647 245 3709 L.
269 3646 364 3710 Xlll.
386 3668 418 3732 p.
437 3646 512 3709 601.
532 3646 673 3721 Ι).-τοὶς
687 3649 714 3709 δὲ
730 3647 864 3725 Θεοξένου
881 3650 1000 3724 ἀκτῖνας
1016 3658 1184 3739 προσώπου
1196 3685 1257 3745 pp-

204 3748 368 3834 ριοιριζοίσας
390 3748 509 3835 δρακεὶς,
527 3747 555 3822 ὃς
576 3752 615 3829 μὴ
635 3749 705 3835 πόθῳ
725 3749 898 3832 κυμαίνεται,
921 3753 955 3828 ἐξ
976 3755 1159 3840 ἄδάμαπρς
1176 3767 1206 3844 ᾖ
1221 3789 1258 3828 ῃ.

205 3849 287 3934 δάρου
307 3850 501 3936 κεχάλκευται
521 3847 656 3931 μέλαιναν
672 3849 784 3937 καρδίαν
799 3853 901 3938 ψυχρᾷ
914 3854 1023 3940 φλογί.
1080 3863 1179 3930 Hinc
1192 3865 1264 3931 forte

206 3951 348 4016 colorem
378 3952 469 4016 duxit
498 3952 686 4017 Plutarchus
716 3953 870 4039 Compar.
899 3954 1007 4023 Stolo.
1040 3977 1082 4029 et
1116 3966 1209 4034 Poet.
1234 3988 1260 4055 p.

238 4202 247 4223 1
267 4192 370 4254 Exempli
379 4211 415 4254 gr.
433 4195 527 4242 Atistid.
539 4195 570 4241 11.
583 4203 638 4241 3⁶1.
768 4199 775 4226 l
793 4195 885 4256 llepon.
897 4196 1000 4246 Annio.
1013 4201 1038 4252 l.
1055 4217 1121 4258 m,

238 4285 246 4306 ¹
264 4274 355 4322 Pindar.
368 4275 408 4321 Ol.
420 4275 464 4322 lll.
478 4276 581 4336 inscript.
