2714 4770
163 465 1191 510 Μ

180 815 534 912 osnrsnrs
581 762 1170 942 wYTTstAcHn

272 1154 276 1162 ’
361 1135 985 1241 ANIMADVERSIONES

282 1419 353 1515 rN
388 1348 761 1516 Pnursncnr
797 1379 1061 1536 tronum,

403 1728 709 1805 QUAESTIONES
732 1728 940 1797 GRAECAS.

530 2008 812 2057 ...4-

152 2219 425 2332 Kromnos
440 2271 688 2333 Korinion
706 2271 951 2355 niumm]
975 2270 1083 2359 Hujus
1099 2272 1184 2340 tituli

152 2370 320 2457 negotium
333 2370 416 2435 idem
429 2372 473 2436 est
483 2370 570 2458 quod
581 2371 760 2458 superioris.
787 2371 826 2435 In
840 2370 998 2459 Lampriae
1011 2373 1183 2464 Catalogo,
1321 2434 1341 2451 .,

152 2471 288 2539 CLVII.
313 2475 356 2539 est
380 2474 469 2539 aicius
491 2475 644 2554 Ἑλλήνων.
689 2476 817 2539 Harum
838 2475 1058 2562 Quaestionum
1079 2498 1129 2543 res
1151 2491 1184 2545 et

149 2576 284 2640 materia
296 2576 401 2642 multo
414 2577 458 2641 est
473 2576 579 2642 minus
597 2575 730 2665 cognita
742 2589 776 2641 et
791 2575 916 2642 illustris
931 2600 1026 2665 quarn
1041 2578 1182 2667 superio·

148 2699 233 2742 rum.
278 2678 339 2743 Illa
360 2680 394 2744 in
416 2680 511 2744 rebus
536 2679 689 2744 Romanis
710 2679 753 2743 est
775 2679 885 2766 pofita,
907 2702 979 2767 quae
1003 2681 1096 2746 unius
1118 2682 1185 2748 fero

149 2780 240 2844 modi
257 2795 290 2845 et
309 2780 349 2845 ad
367 2804 466 2846 unam
486 2781 675 2869 principem,
693 2781 793 2846 totius
808 2780 932 2867 imperii
946 2795 1056 2869 caput,
1070 2785 1184 2849 urbem

151 2883 288 2946 Romam
312 2882 465 2947 adstricta
491 2883 583 2947 sunt:
611 2883 682 2946 haec
703 2881 738 2944 in
760 2881 882 2946 Graecis
903 2883 1012 2963 rebus,
1033 2905 1106 2972 quae
1128 2905 1186 2972 per

150 2981 270 3047 multas
291 2982 435 3048 civitates
454 2982 609 3069 dispersas,
632 2980 718 3069 apud
735 2981 834 3046 varias
851 2981 955 3062 variae,
969 2981 1051 3048 mira
1063 2983 1096 3048 in
1111 3007 1184 3050 mo·

150 3108 223 3150 rum
244 3084 523 3172 institutorumque
545 3085 696 3151 varietate
722 3082 893 3149 versantur.
937 3083 1023 3149 Nam
1039 3075 1090 3151 'ex
1112 3085 1184 3174 ipsis

149 3186 231 3253 adeo
247 3186 369 3252 Graecis
391 3186 573 3252 civitatibus
588 3187 640 3251 hae
655 3185 854 3252 Quaestiones
868 3207 933 3251 non
946 3184 987 3251 sd
1002 3185 1072 3252 illas
1085 3189 1184 3274 perti·

150 3303 240 3368 nent,
255 3311 391 3377 quarum
413 3302 447 3355 et
467 3288 644 3375 antiquitus
659 3287 822 3353 clarissima
834 3286 897 3353 fuit
909 3287 1004 3370 fama,
1020 3301 1054 3355 et
1067 3290 1181 3357 hodie-

148 3413 213 3478 que
233 3405 364 3479 propter
385 3405 669 3457 monumentorum
687 3390 812 3477 copiam
827 3389 860 3454 in
873 3404 1005 3477 promtu
1017 3392 1182 3481 magisque

149 3492 355 3580 parabilis‘est
369 3494 524 3581 cognitio,
540 3492 637 3558 veluti
652 3493 855 3558 Athenarum
871 3507 905 3557 et
919 3493 1181 3579 Incedaemoois3

148 3596 202 3663 sed
212 3597 358 3677 aliarum,
372 3620 507 3684 quarum
521 3597 638 3684 exigua
650 3610 685 3661 et
697 3595 773 3661 levis
785 3595 919 3682 superest
929 3595 1054 3661 notitia.
1078 3596 1183 3684 Igitur

149 3696 183 3762 in
205 3697 357 3763 Romanis
376 3698 608 3786 Quaestionibus
627 3710 891 3784 argumentorum
907 3695 955 3761 vel
968 3697 1114 3762 auctores
1131 3697 1183 3762 vel
1319 3714 1322 3725 ⁴

149 3800 242 3864 testes
258 3799 423 3887 scriptores
437 3792 586 3886 antiquos
601 3799 695 3865 nobis
708 3799 847 3863 excitare
860 3796 971 3862 licuit:
993 3797 1028 3862 in
1043 3796 1094 3862 his
1114 3821 1180 3866 non

148 3902 241 3968 item.
285 3901 384 3990 Quod
405 3901 478 3966 sane
501 3902 580 3966 item
601 3900 745 3980 licuiffet,
768 3901 789 3964 fi
811 3898 934 3986 egregii
954 3898 1001 3963 illi
1024 3911 1057 3964 et
1083 3923 1179 3966 num-

148 4027 246 4092 quam
268 4027 331 4070 non
356 4002 549 4069 deiderandi
570 4002 641 4069 libri
663 4005 723 4090 περὶ
741 4008 893 4079 πολιτειῶν,
913 3999 1103 4084 Aristotelis,
1117 4003 1180 4069 Di·

148 4106 296 4187 caearchi,
311 4105 504 4187 Heraclidis,
518 4104 560 4171 sd
573 4106 709 4170 nostram
727 4116 855 4170 aetatem
873 4101 1036 4168 veniffent.
1078 4105 1179 4173 Nunc

148 4208 283 4274 fecimus
297 4224 452 4296 quantum
468 4207 500 4273 in
515 4206 706 4296 illaja&ura
718 4205 904 4294 potuimus:
927 4217 962 4270 et
975 4228 1015 4271 ne
1029 4205 1092 4272 hoc
1104 4208 1177 4294 qui-
1229 4222 1232 4229 ’

147 4310 222 4376 dem
237 4311 329 4377 satis:
354 4311 407 4380 sed
422 4324 584 4399 quantum·
593 4310 696 4378 nostra
714 4307 806 4376 nobis
825 4305 1026 4375 mediocritas
1040 4328 1078 4374 sc
1093 4323 1178 4392 tem-
