2714 4770
149 361 160 369 ‘
235 345 290 406 162
383 347 421 404 D.
443 347 490 403 W.
512 345 711 406 ANIMADV.
733 346 778 405 ΙΝ
800 343 1035 406 PLUTARCHI
1056 345 1135 402 LlB.

233 505 400 572 Prodrom.
420 528 455 593 p.
472 522 545 590 171.
567 507 658 594 piget
671 506 758 570 eninr
775 518 882 570 totum
899 505 1008 570 locum
1025 504 1157 582 referre,
1172 525 1280 592 aegru-

232 608 330 673 tantin
345 609 469 674 somnio
491 609 700 674 fimillimum.
746 607 935 673 Herodotus
955 620 1064 672 autem
1079 606 1169 671 aliud
1184 607 1281 694 plane

232 709 311 777 dicit
327 714 373 776 ll.
392 733 457 798 15.
483 710 753 778 Psammetichum
775 710 909 775 ionibus
930 725 965 776 et
987 710 1125 777 Caribus
1139 708 1278 777 domici·

230 813 276 878 lia
296 814 446 902 sedesque
467 816 499 880 in
519 818 669 902 AEgypto
683 813 874 879 habitandas
888 813 1019 894 dedisse,
1034 826 1069 879 et
1082 835 1203 901 pueros
1219 815 1278 880 Ε·
1325 885 1328 890 ,

229 918 364 1006 gyptios
386 919 547 984 tradidisse
570 919 682 1006 lingua
696 920 811 984 Graeca
825 917 1032 997 erudiendos,
1047 940 1067 981 a
1079 918 1201 1004 quibus
1216 918 1275 984 lin·

229 1043 329 1108 guam
353 1022 441 1086 islam
464 1023 588 1088 edoctis
609 1035 699 1087 orton
718 1022 780 1086 esse
799 1021 928 1107 eosqui
946 1043 1032 1086 nunc
1053 1019 1153 1084 effent
1167 1020 1200 1084 in
1219 1021 1278 1085 AE·

230 1138 335 1211 gypto
351 1123 556 1211 interpretes.
601 1125 765 1190 Caeterum
780 1124 848 1209 post
865 1124 1059 1189 Kircherum
1074 1146 1132 1210 per
1146 1138 1277 1188 centum

231 1226 297 1291 sere
319 1249 422 1292 annos
443 1250 552 1308 nemo,
575 1226 664 1315 quod
682 1227 909 1305 semmua-fuit
930 1227 986 1313 qui
1001 1230 1053 1292 res
1066 1227 1279 1314 AEgyptiacaa

231 1327 276 1393 ita
297 1329 512 1394 conscriberet
528 1345 566 1394 ut
584 1330 622 1393 iis
638 1329 809 1415 Copticam
826 1328 973 1416 linguam
987 1328 1166 1395 adhiberet.
1213 1330 1276 1394 Ex-

118 1440 121 1450 '
231 1430 309 1497 stitit
336 1431 467 1497 demum
498 1433 613 1498 saecnlo
641 1432 802 1518 superiore
833 1431 952 1512 medio,
977 1431 1034 1519 qui
1060 1432 1124 1497 boc
1153 1444 1277 1519 ageret,

231 1535 458 1601 cruditissrrnus
471 1535 660 1623 Theologus
676 1534 793 1599 Paulus
808 1535 957 1599 Ernestua
970 1533 1158 1613 Jablonski;
1183 1534 1280 1600 allata

230 1637 419 1725 cognitione
438 1638 536 1725 hujus
559 1637 743 1724 argumenti
762 1658 802 1700 ex
822 1636 912 1702 omni
927 1636 1128 1724 Scriptorum
1146 1659 1278 1724 genere,

230 1758 307 1805 cum
325 1740 555 1820 recentiorum,
571 1753 642 1805 turn
663 1740 694 1804 in
715 1738 828 1827 primis
849 1739 1070 1827 antiquorum,
1086 1741 1278 1806 Graecorum

229 1855 264 1906 et
286 1843 504 1907 Romanorum
520 1865 529 1920 3
553 1864 636 1930 quoa
656 1859 769 1906 omnes
785 1840 909 1929 legerat
928 1863 1003 1906 eum
1019 1856 1108 1908 certe
1122 1841 1164 1907 ad
1181 1843 1276 1908 finem

193 1977 199 1991 .
230 1955 269 2009 ut
284 1944 443 2033 quidquid
458 1945 490 2009 in
507 1945 546 2010 iis
560 1943 602 2009 ad
617 1967 667 2009 rea
679 1944 893 2032 AEgyptiacas
907 1944 1075 2031 spectaret,
1089 1960 1277 2032 excerptum

138 2080 142 2087 ·
229 2062 488 2134 annotatumque
503 2048 656 2114 haberet:
680 2048 824 2133 universa
837 2069 934 2133 porro
948 2047 1084 2113 materia
1098 2047 1141 2112 ad
1155 2063 1276 2113 certam

230 2151 387 2215 rationem
401 2151 560 2229 ordinata,
575 2150 616 2214 ad
626 2149 743 2237 judicii
756 2149 903 2237 regulam
916 2149 1039 2228 enada,
1052 2149 1085 2214 in
1101 2150 1176 2216 suos
1189 2150 1279 2216 locon

229 2251 401 2338 descripta,
423 2266 530 2318 totum
551 2251 638 2316 hunc
658 2251 814 2316 doarinae
829 2252 936 2318 locum
954 2274 1037 2317 nova
1050 2251 1124 2317 luce
1139 2252 1275 2319 illustra·

227 2368 292 2435 ret,
313 2355 444 2443 ejusque
467 2354 559 2418 studii
578 2375 661 2439 opus
684 2355 901 2441 effesiumque
924 2354 1077 2440 proderet
1097 2355 1277 2442 compluri-

168 2542 170 2545 .
206 2455 290 2522 'bus
313 2457 413 2536 libris,
433 2456 595 2542 praecipue
618 2457 762 2521 Pantheo
781 2457 1027 2544 AEgyptiorum,
1043 2471 1115 2522 tum
1129 2457 1201 2523 aliis
1215 2459 1277 2524 fin-

229 2560 407 2646 gularibus,
425 2560 542 2646 partim
557 2559 679 2624 seorfim
696 2560 791 2624 editis
809 2560 925 2646 partim
940 2559 1070 2625 ineditis
1084 2560 1198 2640 modo,
1213 2584 1275 2650 nu·

229 2663 367 2749 perrime
388 2676 497 2728 autem
522 2684 586 2727 una
607 2661 751 2727 editione
774 2661 919 2726 collectis
943 2676 977 2727 et
1002 2662 1142 2750 vulgatis
1166 2686 1187 2727 a
1210 2665 1274 2729 Te-

229 2778 350 2829 watero
375 2765 479 2829 nostro
504 2764 588 2829 inter
612 2764 758 2829 eruditos
783 2776 816 2828 et
841 2763 910 2849 ipso
936 2763 1050 2852 insigni
1075 2763 1275 2851 Theologos.

228 2868 327 2955 Quod
351 2882 461 2934 autem
490 2868 642 2950 diximuS,
670 2866 890 2936 Jablonskium
919 2892 966 2931 res
993 2867 1201 2954 AEgyptiacas
1232 2867 1278 2932 ita

228 2971 438 3057 conscripsrlse
459 2985 494 3036 ut
514 2971 553 3039 iis
575 2970 723 3057 Captivam
746 2969 883 3057 linguam
905 2970 1083 3049 adhiberet,
1098 2978 1276 3056 utrumque¹

228 3072 323 3159 quale
337 3073 372 3136 srt
386 3072 568 3136 accuratius
588 3070 805 3135 definiendum
826 3071 882 3135 est.
926 3071 1014 3135 Nam
1030 3069 1202 3136 nominum
1216 3071 1277 3135 ΛΕ-

226 3174 416 3261 gyptiorum
431 3198 451 3238 a
466 3174 590 3238 Graecis
604 3173 735 3261 aliisque
750 3173 879 3260 populis
890 3187 1144 3239 memoratorum
1160 3172 1276 3266 fignifi-

103 3269 109 3279 ’
226 3277 386 3342 cationem
401 3277 448 3342 ita
460 3277 583 3363 aperire
599 3276 730 3355 studuit,
745 3290 783 3341 ut
799 3299 837 3339 ea
850 3298 926 3341 cum
942 3276 1095 3341 sinilibus
1110 3275 1275 3341 vocubulis

225 3380 419 3445 Testamenti
437 3379 569 3466 Coptici
583 3381 625 3445 V.
640 3392 675 3444 et
689 3379 734 3442 N.
749 3393 963 3465 compararet.
1009 3380 1106 3444 Quae.
1117 3379 1201 3444 ratio
1220 3379 1275 3445 etti

227 3503 470 3569 nonnumquam
492 3481 702 3569 probabiliter
724 3481 865 3561 cederet,
880 3495 989 3547 tamen
1009 3481 1155 3547 universe
1172 3481 1273 3548 effici·

224 3585 311 3651 endo
340 3587 502 3673 proposito
530 3586 646 3673 triplex
674 3585 945 3671 impedimentum
971 3585 1158 3673 objiciebat.
1205 3586 1272 3651 Pri·

224 3710 330 3770 mum,
348 3689 416 3777 jam
441 3691 534 3776 supra
555 3689 692 3767 dictum,
708 3701 778 3752 erat
796 3688 829 3753 in
850 3688 918 3774 ipsa
938 3689 994 3753 isla
1010 3688 1136 3776 lingua,
1159 3689 1191 3754 in
1214 3711 1274 3754 cu·

218 3791 276 3881 jus
296 3793 456 3881 farragine
478 3793 550 3879 quis
571 3791 700 3856 tandem
723 3791 861 3855 affirmet
881 3792 960 3878 quid
979 3805 1071 3856 vetus
1089 3805 1122 3857 et
1142 3815 1275 3880 germa-

225 3918 305 3960 num
325 3896 558 3984 AEgyptiacum
582 3895 638 3960 fit?
664 3916 704 3959 ne
727 3894 754 3958 is
776 3895 907 3981 quidem
931 3895 987 3982 qui
1009 3895 1140 3982 linguas
1155 3897 1274 3962 Orien·

224 3998 305 4063 talea
323 3998 400 4063 alias
423 4013 545 4079 teneat,
568 4021 703 4085 quarum
727 4011 815 4071 certe
837 3997 984 4084 quaedam
1007 3996 1193 4065 Jablonslrio
1211 3999 1275 4064 de·

224 4099 315 4164 fuisse
327 4100 484 4179 videntur.
522 4101 685 4178 Alterum,
702 4099 790 4185 quod
805 4100 899 4185 copia
913 4099 1034 4186 lingua
1048 4122 1087 4164 ex
1102 4123 1170 4165 uno
1180 4100 1276 4168 fonte

223 4202 380 4267 librorum
395 4206 438 4268 V.
453 4219 487 4267 et
502 4206 546 4266 N.
564 4205 603 4267 T.
625 4202 756 4282 hausta,
773 4202 868 4266 nimis
887 4204 994 4267 tenuis
1014 4216 1048 4268 et
1066 4203 1278 4291 exigua.erat

223 4304 266 4370 ad
288 4318 387 4372 tantae
409 4304 551 4370 materiae
565 4301 821 4391 perspicientiam
837 4317 872 4370 et
884 4304 1145 4394 explicationem.
1190 4309 1277 4375 Ter-
