2714 4770
144 409 147 420 Ι
281 336 337 397 DE
358 336 468 398 tsmu
486 336 542 396 ΕΤ
560 335 736 395 osuuuu.
758 355 786 414 p.
801 333 1066 419 371.F-372.A
1140 352 1194 410 ²4³

157 516 215 560 σιν·
238 501 264 560 ci
285 498 312 563 li
334 497 433 583 liparia
453 496 529 583 rupi,
549 496 637 584 ταύτῃ
657 521 700 561 σοι
720 497 768 559 nal
786 503 976 582 προσνονοῖισν
998 497 1146 585 μαρτύριόν
1167 522 1197 560 τι

156 597 320 684 ἐπάγουσιν,
345 598 484 681 ιἰπὸπομον
511 601 602 664 αὐτῶν
626 599 693 664 εἶναι
723 597 852 683 λέγοντος
875 605 928 682 πῦρ
955 603 1003 663 καὶ
1031 597 1099 684 ὕδωρ
1125 604 1195 682 ἀμι-

154 699 219 786 γίς.
248 708 341 766 vaira
361 699 407 765 οὖν
427 701 579 791 πενθοῦντος
602 700 754 788 Αἰγύπτιοί
778 719 859 785 φασι.
905 703 1063 766 Pollrema
1091 701 1195 765 muni·

138 803 236 870 lesto
257 816 420 890 corrupta,
444 804 484 867 fic
507 803 633 868 Iortcffe
655 802 856 869 emendanda
872 803 1004 868 sunt—2
1033 803 1196 889 ἐπάγουσιν,

156 907 212 970 ἀπὸ
231 914 318 994 γονῶν
336 909 427 971 αὐτῶν
443 905 510 968 εἶναι
528 902 657 990 λίγοντις
676 931 708 968 π.
729 932 759 970 ιι.
778 911 805 970 ὑ.
827 909 880 988 ἂρ..
898 913 992 969 ταῦτα
1008 905 1051 970 οὖν
1065 906 1197 981 πέίθονπες

154 1007 307 1093 Αἰγύπτιοί
325 1026 421 1091 φασιν·
444 1007 468 1071 i.
484 1029 514 1072 e.
534 1005 731 1096 adferuntque
744 1006 943 1090 testimonium,
958 1008 1083 1073 dicentes
1098 1010 1197 1096 ignem

153 1122 183 1174 et
203 1135 315 1200 aquam
337 1111 377 1176 ab
401 1110 460 1198 ipso
482 1123 548 1176 ortu
570 1122 599 1174 ct
621 1109 735 1198 origine
757 1112 812 1199 ψ
835 1113 986 1175 coruraria
1008 1136 1060 1176 nec
1084 1112 1124 1174 mi
1139 1112 1197 1180 ceri
1297 1104 1298 1112 ἵ

150 1213 249 1302 pofflr
271 1212 360 1302 idque
375 1213 447 1278 mihi
460 1213 670 1301 persuadentes
687 1212 811 1277 dicunt:
835 1212 876 1279 de
896 1213 1029 1289 πείθοντος
1043 1228 1131 1283 certe
1146 1213 1196 1279 vix

154 1314 305 1402 estquod
327 1310 513 1380 dubitetur:
537 1314 577 1380 fic
599 1315 686 1380 enirn
706 1314 786 1381 solet
806 1314 954 1380 AElianut
976 1338 1006 1379 ν.
1023 1339 1053 1380 c.
1077 1317 1120 1381 X.
1142 1336 1195 1398 14,

156 1437 209 1504 29.
232 1419 366 1505 X11.3.
390 1418 488 1482 XIII.
510 1436 563 1503 23.
590 1419 665 1485 XV.
690 1421 742 1483 16.
765 1419 876 1493 XVII.
897 1439 948 1501 14.
987 1419 1102 1485 Cicero
1133 1421 1195 1506 Ep.

151 1520 228 1586 Div.
244 1522 305 1586 IX.
322 1536 375 1607 25.
390 1520 520 1610 mihique
529 1522 698 1610 persuadet.

194 1642 273 1711 371.
297 1629 333 1692 F.
354 1626 491 1712 Ὀσίριδος
513 1624 846 1711 ἄγαλμα-ὶξορθιᾶζον
866 1631 907 1712 τῷ
928 1625 1034 1712 αἰδοίῳ]
1059 1626 1195 1696 Jablon·

154 1728 238 1793 llriuc
253 1728 368 1794 Panth.
379 1729 460 1815 AEg.
475 1730 509 1792 P.
523 1729 549 1792 I.
561 1750 594 1815 p.
607 1728 681 1796 288.
697 1728 774 1793 huic
789 1728 878 1816 signo
893 1728 1120 1794 accommodat
1133 1751 1194 1794 no·

154 1853 231 1896 men
251 1833 394 1916 Ἀρσαφὴς
417 1832 513 1917 supra
533 1825 697 1917 proditum
720 1853 754 1917 p.
768 1833 844 1916 365.
864 1832 901 1895 F.
925 1829 1020 1916 idque
1032 1829 1145 1918 fortem
1167 1844 1196 1895 et
1295 1879 1297 1882 ψ

153 1930 273 1996 virilem
300 1931 538 2018 interpretatur.
582 1933 635 1997 Dc
657 1954 692 1996 re
713 1932 801 1996 conf.
825 1931 924 1997 Diod.
947 1933 1012 1996 Sic.
1037 1933 1064 1996 l.
1085 1933 1139 1997 88.
1162 1947 1197 1997 et
1254 1954 1256 1956 ·

154 2031 395 2119 Wellelingius.
504 2068 506 2072 ·
1091 2062 1095 2067 >

198 2154 232 2219 p.
246 2150 324 2219 372.
338 2133 556 2220 Α.,ἠγούμινοι]
581 2136 656 2202 Hoc
672 2135 705 2200 in
720 2135 847 2218 σημαίνει
862 2147 1024 2203 mutatum
1039 2133 1195 2199 leniorem

152 2235 252 2302 habet
271 2234 441 2317 rationem,
458 2259 555 2325 quam
571 2237 659 2325 quod
675 2236 890 2304 Marklandus
904 2249 937 2303 ct
952 2229 1100 2324 Squirius
1114 2259 1195 2302 con·

147 2338 323 2427 jiciebant:
346 2339 493 2428 ἀμπεχόνῃ
514 2342 541 2405 δὲ
563 2343 718 2427 φλογονιὸιῖ
737 2340 959 2404 σσίλλουσιν-.
1003 2338 1103 2428 Quod
1121 2361 1196 2405 vero

152 2451 290 2528 uterque
311 2439 345 2506 in
365 2462 444 2505 voce
466 2450 550 2524 σῶμα
572 2435 759 2519 offenditur,
782 2452 816 2505 et
836 2462 900 2528 ego
920 2437 1095 2526 aliquando
1116 2443 1196 2520 σῆμα

151 2542 325 2623 malebam,
341 2565 428 2609 nunc
444 2543 489 2608 nil
503 2558 666 2609 mutatum
681 2543 792 2608 velim:
811 2544 850 2608 fic
864 2543 959 2628 supra
972 2543 1047 2628 366.
1061 2543 1104 2604 A.
1118 2539 1195 2605 Ἴσι-

151 2647 194 2721 δος
208 2655 294 2730 σῶμα
303 2653 366 2733 γῆν,
383 2659 417 2711 et
431 2662 506 2732 373.
521 2647 564 2710 A.
911 2663 913 2666 ·

195 2765 272 2834 372.
287 2752 331 2814 A.
353 2749 391 2823 οἷς
405 2749 514 2834 φθείρει]
534 2749 637 2813 Potest
650 2748 743 2813 ferri:
772 2770 831 2812 nec
845 2761 953 2812 tamen
968 2744 1083 2818 melius
1097 2767 1195 2831 quam

150 2849 303 2936 ὂςροιιριι,
318 2849 406 2937 quod
421 2849 532 2914 volunt
545 2853 637 2915 Mez.
652 2849 831 2929 Remmius,
847 2851 1005 2936 Squiriua.

194 2968 271 3039 372·
288 2953 405 3019 A—E.
428 2955 455 3014 ἐν
477 2952 504 3014 li
526 2955 582 3026 τοῖς
603 2955 678 3039 ἱεροῖς
702 2950 996 3037 ὕμνοις-γενεθλίοις
1010 2951 1116 3042 Ὧρον]
1147 2957 1195 3022 Ut

145 3054 232 3143 julia
255 3068 289 3121 et
316 3053 535 3120 Grammatica
560 3052 683 3119 ratione
710 3053 875 3120 Plutarchi
896 3054 1069 3121 dictionem
1092 3059 1194 3124 inter.
1257 3048 1260 3059 ¹

152 3169 329 3244 protemur,
351 3170 439 3223 certe
464 3156 509 3222 ita
530 3155 570 3220 de
593 3155 643 3220 his
670 3155 758 3220 libris
785 3156 939 3243 loquitur,
961 3171 999 3223 ut
1020 3160 1075 3247 qui
1099 3160 1194 3247 ipsius

151 3272 247 3326 retate
269 3260 449 3346 superstites
471 3257 611 3324 fuerint:
635 3258 708 3324 tulis
730 3259 774 3322 est
794 3259 942 3324 Threnus
961 3260 993 3324 in
1017 3264 1193 3329 Saturnum

150 3385 184 3450 p.
198 3365 274 3449 363.
289 3364 333 3429 D.
379 3365 465 3428 Nam
488 3361 546 3428 ubi
564 3361 700 3427 aliorum
722 3361 865 3449 sequitur
883 3363 1121 3446 auctoritatem,
1141 3367 1193 3433 di-

150 3465 232 3531 serta
250 3487 321 3531 eum
344 3479 515 3545 memorat,
536 3463 635 3528 veluti
657 3463 699 3528 dc
720 3463 810 3529 libris
831 3466 986 3531 Mercurii
1008 3489 1042 3555 p.
1057 3482 1134 3553 375.
1156 3472 1192 3534 F.

151 3565 196 3630 Et
215 3564 271 3630 sua
289 3588 418 3653 quoque
439 3580 535 3632 aetate
548 3565 710 3641 vCarmina
725 3566 812 3631 lfidis
827 3589 883 3652 per
901 3566 1014 3632 decem
1031 3568 1119 3634 mille
1133 3592 1192 3632 an·

151 3688 211 3732 nos
229 3666 348 3732 servata
365 3670 407 3733 ab
426 3667 595 3758 AEgyptiis
614 3668 779 3749 celebrari,
803 3681 910 3733 narrat
934 3669 1025 3735 Plato
1044 3673 1125 3757 Leg.
1146 3672 1192 3735 ΙΙ.

148 3785 227 3856 557.
244 3769 284 3835 C.
306 3772 402 3836 VIII.
417 3775 493 3856 631.
509 3773 553 3836 G.
598 3773 636 3836 In
657 3771 803 3858 tempore
822 3771 973 3836 festorum
993 3773 1074 3838 ratio
1091 3773 1193 3838 inter-

100 3889 102 3894 ·
149 3873 339 3961 pretationis
360 3873 556 3938 Plutarcheae
576 3886 720 3961 apparet.
766 3875 896 3938 Menses
917 3875 1050 3962 triginta
1067 3873 1192 3942 dierum

150 3974 309 4063 usurpalle
329 3975 506 4063 AEgyptioc
528 3972 661 4055 constat,
683 3989 719 4040 et
737 3973 945 4040 Plutarchum
968 3975 1112 4043 secutum
1132 3978 1193 4043 effe

150 4077 349 4143 documento
364 4079 462 4143 etiam
481 4077 526 4144 cst
546 4076 634 4163 quod
655 4083 688 4163 τῇ
707 4076 837 4163 τριακάδι
850 4085 898 4141 τοῦ
912 4079 1009 4159 'impl
1023 4081 1117 4161 μηνὸς,
1132 4080 1192 4145 tri·
1231 4080 1235 4084 ’

149 4177 270 4265 gtfimo
289 4179 342 4247 ‹lic
363 4180 477 4256 mensu
498 4173 630 4267 Ερίρὴὶ,
645 4179 751 4244 natale
772 4179 883 4244 felium
909 4179 1088 4247 Oculorum
1109 4181 1193 4247 Hori

644 4303 666 4344 R
685 4300 702 4351 2
