<?xml version="1.0" encoding="UTF-8"?>
<!DOCTYPE html PUBLIC "-//W3C//DTD XHTML 1.0 Transitional//EN"
    "http://www.w3.org/TR/xhtml1/DTD/xhtml1-transitional.dtd">
<html xmlns="http://www.w3.org/1999/xhtml" xml:lang="en" lang="en">
 <head>
  <title>
</title>
<meta http-equiv="Content-Type" content="text/html;charset=utf-8" />
  <meta name='ocr-system' content='tesseract 3.04.00' />
  <meta name='ocr-capabilities' content='ocr_page ocr_carea ocr_par ocr_line ocrx_word'/>
</head>
<body>
  <div class='ocr_page' id='page_1' title='image "./plutarchichaero25plutgoog_0084.png"; bbox 0 0 2714 4770; ppageno 0'>
   <div class='ocr_carea' id='block_1_1' title="bbox 256 321 1178 463">
    <p class='ocr_par' dir='ltr' id='par_1_1' title="bbox 256 321 1178 463">
     <span class='ocr_line' id='line_1_1' title="bbox 256 321 1178 463; baseline -0.005 -31"><span class='ocrx_word' id='word_1_1' title='bbox 256 321 524 447; x_wconf 72' lang='lat' dir='ltr'>QUAEsrleEs</span> <span class='ocrx_word' id='word_1_2' title='bbox 545 370 722 430; x_wconf 78' lang='lat' dir='ltr'>GRAECAS.</span> <span class='ocrx_word' id='word_1_3' title='bbox 743 390 771 448; x_wconf 88' lang='lat' dir='ltr'>p.</span> <span class='ocrx_word' id='word_1_4' title='bbox 787 369 1008 463; x_wconf 75' lang='grc'><strong>3031)-304.</strong></span> <span class='ocrx_word' id='word_1_5' title='bbox 1023 369 1058 428; x_wconf 85' lang='grc' dir='ltr'>Ε.</span> <span class='ocrx_word' id='word_1_6' title='bbox 1142 384 1178 446; x_wconf 86' lang='lat'>75</span> 
     </span>
    </p>
   </div>
   <div class='ocr_carea' id='block_1_2' title="bbox 147 526 1184 715">
    <p class='ocr_par' dir='ltr' id='par_1_2' title="bbox 147 526 1184 715">
     <span class='ocr_line' id='line_1_2' title="bbox 190 526 1184 693; baseline 0.001 -103"><span class='ocrx_word' id='word_1_7' title='bbox 190 547 266 693; x_wconf 74' lang='grc'><strong>3038.</strong></span> <span class='ocrx_word' id='word_1_8' title='bbox 278 529 323 593; x_wconf 89' lang='lat' dir='ltr'>D.</span> <span class='ocrx_word' id='word_1_9' title='bbox 339 527 403 611; x_wconf 80' lang='grc' dir='ltr'><strong>νε’.]</strong></span> <span class='ocrx_word' id='word_1_10' title='bbox 426 529 619 617; x_wconf 86' lang='lat' dir='ltr'>Cognomen</span> <span class='ocrx_word' id='word_1_11' title='bbox 632 529 783 617; x_wconf 69' lang='grc' dir='ltr'><strong>χαςιδάτον</strong></span> <span class='ocrx_word' id='word_1_12' title='bbox 797 526 1076 594; x_wconf 76' lang='lat' dir='ltr'>animadvertimus</span> <span class='ocrx_word' id='word_1_13' title='bbox 1091 527 1184 615; x_wconf 90' lang='lat' dir='ltr'>supra</span> 
     </span>
     <span class='ocr_line' id='line_1_3' title="bbox 147 630 334 715; baseline 0.005 -23"><span class='ocrx_word' id='word_1_14' title='bbox 147 649 182 715; x_wconf 87' lang='lat' dir='ltr'>p.</span> <span class='ocrx_word' id='word_1_15' title='bbox 201 648 238 714; x_wconf 85' lang='lat'>15</span> <span class='ocrx_word' id='word_1_16' title='bbox 266 677 274 693; x_wconf 91' lang='lat'><strong>.</strong></span> <span class='ocrx_word' id='word_1_17' title='bbox 290 630 334 694; x_wconf 95' lang='lat' dir='ltr'>D.</span> 
     </span>
    </p>
   </div>
   <div class='ocr_carea' id='block_1_3' title="bbox 190 696 1320 817">
    <p class='ocr_par' dir='ltr' id='par_1_3' title="bbox 190 696 1320 817">
     <span class='ocr_line' id='line_1_4' title="bbox 190 696 1320 817; baseline 0.001 -23"><span class='ocrx_word' id='word_1_18' title='bbox 190 750 267 816; x_wconf 75' lang='lat'><strong>303.</strong></span> <span class='ocrx_word' id='word_1_19' title='bbox 283 731 326 795; x_wconf 79' lang='grc' dir='ltr'>Ι).</span> <span class='ocrx_word' id='word_1_20' title='bbox 341 730 407 816; x_wconf 60' lang='grc' dir='ltr'>οε]</span> <span class='ocrx_word' id='word_1_21' title='bbox 432 731 549 814; x_wconf 61' lang='lat' dir='ltr'>saara</span> <span class='ocrx_word' id='word_1_22' title='bbox 568 730 647 796; x_wconf 75' lang='lat' dir='ltr'>dant</span> <span class='ocrx_word' id='word_1_23' title='bbox 667 735 706 796; x_wconf 77' lang='lat' dir='ltr'>a.</span> <span class='ocrx_word' id='word_1_24' title='bbox 724 734 768 796; x_wconf 84' lang='lat' dir='ltr'>H.</span> <span class='ocrx_word' id='word_1_25' title='bbox 784 731 1003 798; x_wconf 73' lang='lat' dir='ltr'>Venesvoff.</span> <span class='ocrx_word' id='word_1_26' title='bbox 1019 730 1184 817; x_wconf 79' lang='lat' dir='ltr'>inquibus</span> <span class='ocrx_word' id='word_1_27' title='bbox 1246 798 1249 803; x_wconf 67' lang='grc'>,</span> <span class='ocrx_word' id='word_1_28' title='bbox 1315 696 1320 711; x_wconf 84' lang='grc'><strong><em>’</em></strong></span> 
     </span>
    </p>
   </div>
   <div class='ocr_carea' id='block_1_4' title="bbox 72 831 1203 2951">
    <p class='ocr_par' dir='ltr' id='par_1_4' title="bbox 149 831 1186 1205">
     <span class='ocr_line' id='line_1_5' title="bbox 149 831 1185 919; baseline 0.003 -25"><span class='ocrx_word' id='word_1_29' title='bbox 149 832 178 894; x_wconf 86' lang='grc' dir='ltr'>Ε</span> <span class='ocrx_word' id='word_1_30' title='bbox 200 832 271 917; x_wconf 77' lang='grc' dir='ltr'><strong>νήσῳ</strong></span> <span class='ocrx_word' id='word_1_31' title='bbox 291 831 434 897; x_wconf 87' lang='lat' dir='ltr'>omittit:</span> <span class='ocrx_word' id='word_1_32' title='bbox 463 831 541 897; x_wconf 90' lang='lat' dir='ltr'>Ald.</span> <span class='ocrx_word' id='word_1_33' title='bbox 566 832 637 897; x_wconf 87' lang='lat' dir='ltr'>Bas.</span> <span class='ocrx_word' id='word_1_34' title='bbox 661 831 782 919; x_wconf 70' lang='lat' dir='ltr'>Zapsp:</span> <span class='ocrx_word' id='word_1_35' title='bbox 806 847 877 911; x_wconf 80' lang='lat' dir='ltr'>tum</span> <span class='ocrx_word' id='word_1_36' title='bbox 896 835 924 897; x_wconf 87' lang='lat' dir='ltr'>E</span> <span class='ocrx_word' id='word_1_37' title='bbox 942 831 1103 896; x_wconf 72' lang='grc' dir='ltr'><strong>διέπλευσαν</strong></span> <span class='ocrx_word' id='word_1_38' title='bbox 1125 853 1185 918; x_wconf 87' lang='lat' dir='ltr'>pro</span> 
     </span>
     <span class='ocr_line' id='line_1_6' title="bbox 150 933 1185 1022; baseline 0.002 -26"><span class='ocrx_word' id='word_1_39' title='bbox 150 933 294 997; x_wconf 76' lang='grc' dir='ltr'><strong>διὲνιισανο</strong></span> <span class='ocrx_word' id='word_1_40' title='bbox 317 933 419 1020; x_wconf 88' lang='lat' dir='ltr'>proba</span> <span class='ocrx_word' id='word_1_41' title='bbox 435 933 539 999; x_wconf 82' lang='lat' dir='ltr'>forma</span> <span class='ocrx_word' id='word_1_42' title='bbox 558 935 601 998; x_wconf 89' lang='lat' dir='ltr'>est</span> <span class='ocrx_word' id='word_1_43' title='bbox 623 933 751 998; x_wconf 72' lang='grc' dir='ltr'><strong><em>διέπεσον·</em></strong></span> <span class='ocrx_word' id='word_1_44' title='bbox 776 957 872 1022; x_wconf 87' lang='lat' dir='ltr'>porro</span> <span class='ocrx_word' id='word_1_45' title='bbox 885 935 1079 1000; x_wconf 80' lang='lat' dir='ltr'>Meziriacus</span> <span class='ocrx_word' id='word_1_46' title='bbox 1093 953 1185 1015; x_wconf 80' lang='grc' dir='ltr'><strong>φονον-</strong></span> 
     </span>
     <span class='ocr_line' id='line_1_7' title="bbox 150 1034 1186 1123; baseline 0.002 -25"><span class='ocrx_word' id='word_1_47' title='bbox 150 1035 241 1098; x_wconf 79' lang='grc' dir='ltr'><strong>θιισῶν</strong></span> <span class='ocrx_word' id='word_1_48' title='bbox 271 1046 407 1098; x_wconf 86' lang='lat' dir='ltr'>annotat</span> <span class='ocrx_word' id='word_1_49' title='bbox 435 1056 493 1122; x_wconf 84' lang='lat' dir='ltr'>pro</span> <span class='ocrx_word' id='word_1_50' title='bbox 520 1034 701 1118; x_wconf 77' lang='grc' dir='ltr'>φονευθέντων.</span> <span class='ocrx_word' id='word_1_51' title='bbox 745 1036 797 1100; x_wconf 88' lang='lat' dir='ltr'>Est</span> <span class='ocrx_word' id='word_1_52' title='bbox 822 1036 899 1115; x_wconf 82' lang='lat' dir='ltr'>item</span> <span class='ocrx_word' id='word_1_53' title='bbox 924 1035 1090 1123; x_wconf 81' lang='lat' dir='ltr'>singularis</span> <span class='ocrx_word' id='word_1_54' title='bbox 1115 1035 1186 1100; x_wconf 85' lang='lat' dir='ltr'>haec</span> 
     </span>
     <span class='ocr_line' id='line_1_8' title="bbox 151 1133 1186 1205; baseline 0 -5"><span class='ocrx_word' id='word_1_55' title='bbox 151 1133 312 1200; x_wconf 76' lang='lat' dir='ltr'><strong>Plutarchi</strong></span> <span class='ocrx_word' id='word_1_56' title='bbox 328 1135 486 1201; x_wconf 85' lang='lat' dir='ltr'>narratio:</span> <span class='ocrx_word' id='word_1_57' title='bbox 510 1136 644 1201; x_wconf 72' lang='lat' dir='ltr'>uastata</span> <span class='ocrx_word' id='word_1_58' title='bbox 660 1138 753 1202; x_wconf 92' lang='lat' dir='ltr'>Petro</span> <span class='ocrx_word' id='word_1_59' title='bbox 769 1136 874 1205; x_wconf 88' lang='lat' dir='ltr'>Petito</span> <span class='ocrx_word' id='word_1_60' title='bbox 888 1136 920 1201; x_wconf 92' lang='lat' dir='ltr'>in</span> <span class='ocrx_word' id='word_1_61' title='bbox 936 1136 1074 1202; x_wconf 84' lang='lat' dir='ltr'>Historia</span> <span class='ocrx_word' id='word_1_62' title='bbox 1088 1136 1186 1200; x_wconf 86' lang='lat' dir='ltr'>Ama-</span> 
     </span>
    </p>

    <p class='ocr_par' dir='ltr' id='par_1_5' title="bbox 72 1237 1185 1427">
     <span class='ocr_line' id='line_1_9' title="bbox 151 1237 1185 1325; baseline 0.003 -26"><span class='ocrx_word' id='word_1_63' title='bbox 151 1256 271 1301; x_wconf 85' lang='lat' dir='ltr'>zonum</span> <span class='ocrx_word' id='word_1_64' title='bbox 290 1238 372 1324; x_wconf 73' lang='lat' dir='ltr'>Cap.</span> <span class='ocrx_word' id='word_1_65' title='bbox 393 1240 465 1302; x_wconf 91' lang='lat' dir='ltr'>XL.</span> <span class='ocrx_word' id='word_1_66' title='bbox 486 1260 518 1324; x_wconf 89' lang='lat' dir='ltr'>p.</span> <span class='ocrx_word' id='word_1_67' title='bbox 536 1253 611 1323; x_wconf 87' lang='lat'><strong>541.</strong></span> <span class='ocrx_word' id='word_1_68' title='bbox 631 1238 694 1325; x_wconf 91' lang='lat' dir='ltr'>seq.</span> <span class='ocrx_word' id='word_1_69' title='bbox 739 1239 770 1303; x_wconf 90' lang='lat' dir='ltr'>A</span> <span class='ocrx_word' id='word_1_70' title='bbox 786 1239 914 1303; x_wconf 91' lang='lat' dir='ltr'>Baccho</span> <span class='ocrx_word' id='word_1_71' title='bbox 934 1237 1060 1325; x_wconf 86' lang='lat' dir='ltr'>fugatas</span> <span class='ocrx_word' id='word_1_72' title='bbox 1076 1238 1185 1324; x_wconf 88' lang='lat' dir='ltr'>Ephe·</span> 
     </span>
     <span class='ocr_line' id='line_1_10' title="bbox 72 1329 995 1427; baseline 0.002 -25"><span class='ocrx_word' id='word_1_73' title='bbox 72 1329 76 1335; x_wconf 49' lang='lat'><strong><em>¹</em></strong></span> <span class='ocrx_word' id='word_1_74' title='bbox 151 1338 221 1403; x_wconf 91' lang='lat' dir='ltr'>sum</span> <span class='ocrx_word' id='word_1_75' title='bbox 235 1339 426 1426; x_wconf 76' lang='lat' dir='ltr'>confugisse,</span> <span class='ocrx_word' id='word_1_76' title='bbox 439 1338 543 1423; x_wconf 83' lang='lat' dir='ltr'>tradit</span> <span class='ocrx_word' id='word_1_77' title='bbox 553 1340 718 1404; x_wconf 86' lang='lat' dir='ltr'>Pausanias</span> <span class='ocrx_word' id='word_1_78' title='bbox 730 1340 808 1405; x_wconf 90' lang='lat' dir='ltr'><strong>VII.</strong></span> <span class='ocrx_word' id='word_1_79' title='bbox 825 1360 856 1407; x_wconf 84' lang='lat'>2.</span> <span class='ocrx_word' id='word_1_80' title='bbox 871 1363 904 1427; x_wconf 98' lang='grc' dir='ltr'>Ρ.</span> <span class='ocrx_word' id='word_1_81' title='bbox 919 1355 995 1426; x_wconf 84' lang='lat'><strong>525.</strong></span> 
     </span>
    </p>

    <p class='ocr_par' dir='ltr' id='par_1_6' title="bbox 90 1440 1203 2951">
     <span class='ocr_line' id='line_1_11' title="bbox 193 1440 1187 1529; baseline 0.003 -25"><span class='ocrx_word' id='word_1_82' title='bbox 193 1460 269 1526; x_wconf 84' lang='lat'><strong>303.</strong></span> <span class='ocrx_word' id='word_1_83' title='bbox 285 1443 324 1506; x_wconf 85' lang='lat' dir='ltr'>E.</span> <span class='ocrx_word' id='word_1_84' title='bbox 339 1441 402 1525; x_wconf 73' lang='grc' dir='ltr'><strong>νζ.]</strong></span> <span class='ocrx_word' id='word_1_85' title='bbox 420 1440 533 1529; x_wconf 65' lang='grc' dir='ltr'><strong>ἀνδρῶν,</strong></span> <span class='ocrx_word' id='word_1_86' title='bbox 549 1441 595 1506; x_wconf 89' lang='lat' dir='ltr'>ita</span> <span class='ocrx_word' id='word_1_87' title='bbox 606 1442 694 1507; x_wconf 90' lang='lat' dir='ltr'>enim</span> <span class='ocrx_word' id='word_1_88' title='bbox 711 1441 931 1509; x_wconf 85' lang='lat' dir='ltr'>scribendum:</span> <span class='ocrx_word' id='word_1_89' title='bbox 949 1464 1008 1507; x_wconf 93' lang='lat' dir='ltr'>nec</span> <span class='ocrx_word' id='word_1_90' title='bbox 1019 1454 1057 1508; x_wconf 89' lang='lat' dir='ltr'>ut</span> <span class='ocrx_word' id='word_1_91' title='bbox 1068 1464 1187 1507; x_wconf 91' lang='lat' dir='ltr'>nomen</span> 
     </span>
     <span class='ocr_line' id='line_1_12' title="bbox 150 1534 1189 1632; baseline 0.004 -26"><span class='ocrx_word' id='word_1_92' title='bbox 150 1543 331 1630; x_wconf 89' lang='lat' dir='ltr'>proprium,</span> <span class='ocrx_word' id='word_1_93' title='bbox 353 1542 526 1630; x_wconf 86' lang='lat' dir='ltr'>majuscula</span> <span class='ocrx_word' id='word_1_94' title='bbox 549 1543 641 1609; x_wconf 89' lang='lat' dir='ltr'>litera</span> <span class='ocrx_word' id='word_1_95' title='bbox 660 1534 794 1632; x_wconf 58' lang='grc' dir='ltr'><strong>Ἄνδρον,</strong></span> <span class='ocrx_word' id='word_1_96' title='bbox 821 1558 858 1609; x_wconf 93' lang='lat' dir='ltr'>ut</span> <span class='ocrx_word' id='word_1_97' title='bbox 881 1544 916 1608; x_wconf 94' lang='lat' dir='ltr'>in</span> <span class='ocrx_word' id='word_1_98' title='bbox 937 1543 1059 1632; x_wconf 88' lang='lat' dir='ltr'>majore</span> <span class='ocrx_word' id='word_1_99' title='bbox 1085 1545 1189 1610; x_wconf 86' lang='lat' dir='ltr'>nostra</span> 
     </span>
     <span class='ocr_line' id='line_1_13' title="bbox 151 1644 1203 1734; baseline 0.001 -25"><span class='ocrx_word' id='word_1_100' title='bbox 151 1644 313 1710; x_wconf 82' lang='lat' dir='ltr'>editione:</span> <span class='ocrx_word' id='word_1_101' title='bbox 336 1645 443 1710; x_wconf 89' lang='lat' dir='ltr'>minus</span> <span class='ocrx_word' id='word_1_102' title='bbox 464 1645 562 1711; x_wconf 90' lang='lat' dir='ltr'>etiarn</span> <span class='ocrx_word' id='word_1_103' title='bbox 583 1648 713 1734; x_wconf 65' lang='grc' dir='ltr'><strong>Ἀνδρν,</strong></span> <span class='ocrx_word' id='word_1_104' title='bbox 732 1660 772 1711; x_wconf 89' lang='lat' dir='ltr'>ut</span> <span class='ocrx_word' id='word_1_105' title='bbox 791 1647 824 1711; x_wconf 91' lang='lat' dir='ltr'>in</span> <span class='ocrx_word' id='word_1_106' title='bbox 840 1646 984 1713; x_wconf 79' lang='lat' dir='ltr'>minore:</span> <span class='ocrx_word' id='word_1_107' title='bbox 1008 1646 1060 1712; x_wconf 91' lang='lat' dir='ltr'>sed</span> <span class='ocrx_word' id='word_1_108' title='bbox 1075 1646 1203 1734; x_wconf 57' lang='grc' dir='ltr'>ἀνδρὼν.</span> 
     </span>
     <span class='ocr_line' id='line_1_14' title="bbox 150 1747 1187 1838; baseline 0 -25"><span class='ocrx_word' id='word_1_109' title='bbox 150 1749 284 1813; x_wconf 78' lang='lat' dir='ltr'>virorum</span> <span class='ocrx_word' id='word_1_110' title='bbox 300 1749 448 1814; x_wconf 82' lang='lat' dir='ltr'>conclave.</span> <span class='ocrx_word' id='word_1_111' title='bbox 492 1751 564 1814; x_wconf 88' lang='lat' dir='ltr'>Nec</span> <span class='ocrx_word' id='word_1_112' title='bbox 583 1763 691 1815; x_wconf 85' lang='lat' dir='ltr'>tamen</span> <span class='ocrx_word' id='word_1_113' title='bbox 713 1749 852 1838; x_wconf 71' lang='lat' dir='ltr'>Quaestio</span> <span class='ocrx_word' id='word_1_114' title='bbox 868 1747 985 1836; x_wconf 84' lang='lat' dir='ltr'>justam</span> <span class='ocrx_word' id='word_1_115' title='bbox 999 1748 1187 1815; x_wconf 86' lang='lat' dir='ltr'>solutionem</span> 
     </span>
     <span class='ocr_line' id='line_1_15' title="bbox 153 1847 1191 1938; baseline 0.001 -25"><span class='ocrx_word' id='word_1_116' title='bbox 153 1847 273 1927; x_wconf 83' lang='lat' dir='ltr'>habet3</span> <span class='ocrx_word' id='word_1_117' title='bbox 296 1873 362 1915; x_wconf 93' lang='lat' dir='ltr'>non</span> <span class='ocrx_word' id='word_1_118' title='bbox 387 1850 474 1915; x_wconf 91' lang='lat' dir='ltr'>enim</span> <span class='ocrx_word' id='word_1_119' title='bbox 499 1851 612 1938; x_wconf 69' lang='lat' dir='ltr'>despair,</span> <span class='ocrx_word' id='word_1_120' title='bbox 634 1850 688 1916; x_wconf 93' lang='lat' dir='ltr'>sed</span> <span class='ocrx_word' id='word_1_121' title='bbox 712 1851 783 1925; x_wconf 69' lang='grc' dir='ltr'><strong>οἶκος</strong></span> <span class='ocrx_word' id='word_1_122' title='bbox 804 1851 919 1938; x_wconf 87' lang='lat' dir='ltr'>aliquis</span> <span class='ocrx_word' id='word_1_123' title='bbox 940 1851 996 1916; x_wconf 90' lang='lat' dir='ltr'>ubi</span> <span class='ocrx_word' id='word_1_124' title='bbox 1017 1851 1102 1914; x_wconf 72' lang='grc' dir='ltr'><strong>’πέδοι</strong></span> <span class='ocrx_word' id='word_1_125' title='bbox 1127 1851 1191 1914; x_wconf 85' lang='lat' dir='ltr'>illae</span> 
     </span>
     <span class='ocr_line' id='line_1_16' title="bbox 152 1949 1190 2040; baseline 0.001 -27"><span class='ocrx_word' id='word_1_126' title='bbox 152 1949 325 2036; x_wconf 76' lang='lat' dir='ltr'>seruantur,</span> <span class='ocrx_word' id='word_1_127' title='bbox 338 1953 449 2030; x_wconf 75' lang='grc' dir='ltr'>πεδήτης</span> <span class='ocrx_word' id='word_1_128' title='bbox 459 1952 617 2017; x_wconf 88' lang='lat' dir='ltr'>nominari</span> <span class='ocrx_word' id='word_1_129' title='bbox 628 1951 812 2018; x_wconf 87' lang='lat' dir='ltr'>ostenditur.</span> <span class='ocrx_word' id='word_1_130' title='bbox 835 1953 939 2040; x_wconf 84' lang='lat' dir='ltr'>Igitur</span> <span class='ocrx_word' id='word_1_131' title='bbox 949 1952 1069 2038; x_wconf 90' lang='lat' dir='ltr'>aliquid</span> <span class='ocrx_word' id='word_1_132' title='bbox 1080 1949 1190 2016; x_wconf 90' lang='lat' dir='ltr'>mendi</span> 
     </span>
     <span class='ocr_line' id='line_1_17' title="bbox 153 2051 1191 2146; baseline 0.002 -32"><span class='ocrx_word' id='word_1_133' title='bbox 153 2051 272 2115; x_wconf 76' lang='lat' dir='ltr'>subesse</span> <span class='ocrx_word' id='word_1_134' title='bbox 290 2064 418 2146; x_wconf 91' lang='lat' dir='ltr'>putem.</span> <span class='ocrx_word' id='word_1_135' title='bbox 457 2055 588 2131; x_wconf 84' lang='lat' dir='ltr'>Locum</span> <span class='ocrx_word' id='word_1_136' title='bbox 603 2054 692 2118; x_wconf 89' lang='lat' dir='ltr'>hunc</span> <span class='ocrx_word' id='word_1_137' title='bbox 706 2053 770 2119; x_wconf 88' lang='lat' dir='ltr'>fine</span> <span class='ocrx_word' id='word_1_138' title='bbox 784 2053 850 2118; x_wconf 85' lang='lat' dir='ltr'>vitii</span> <span class='ocrx_word' id='word_1_139' title='bbox 865 2053 1040 2140; x_wconf 88' lang='lat' dir='ltr'>suspicione</span> <span class='ocrx_word' id='word_1_140' title='bbox 1059 2051 1191 2139; x_wconf 81' lang='lat' dir='ltr'>attingit</span> 
     </span>
     <span class='ocr_line' id='line_1_18' title="bbox 154 2153 1190 2243; baseline 0.001 -26"><span class='ocrx_word' id='word_1_141' title='bbox 154 2155 200 2218; x_wconf 91' lang='lat' dir='ltr'>H.</span> <span class='ocrx_word' id='word_1_142' title='bbox 213 2153 397 2240; x_wconf 87' lang='lat' dir='ltr'>Stephanus</span> <span class='ocrx_word' id='word_1_143' title='bbox 410 2154 504 2220; x_wconf 90' lang='lat' dir='ltr'>Thes.</span> <span class='ocrx_word' id='word_1_144' title='bbox 521 2157 580 2222; x_wconf 84' lang='lat' dir='ltr'>Gr.</span> <span class='ocrx_word' id='word_1_145' title='bbox 596 2159 635 2220; x_wconf 93' lang='lat' dir='ltr'>L.</span> <span class='ocrx_word' id='word_1_146' title='bbox 652 2155 764 2220; x_wconf 84' lang='lat' dir='ltr'>Iudice.</span> <span class='ocrx_word' id='word_1_147' title='bbox 778 2178 811 2243; x_wconf 93' lang='lat' dir='ltr'>p.</span> <span class='ocrx_word' id='word_1_148' title='bbox 829 2157 922 2220; x_wconf 88' lang='lat'><strong>1618.</strong></span> <span class='ocrx_word' id='word_1_149' title='bbox 958 2155 1190 2221; x_wconf 85' lang='lat' dir='ltr'>Valckenarius</span> 
     </span>
     <span class='ocr_line' id='line_1_19' title="bbox 153 2254 1189 2325; baseline 0.002 -6"><span class='ocrx_word' id='word_1_150' title='bbox 153 2254 195 2320; x_wconf 92' lang='lat' dir='ltr'>ad</span> <span class='ocrx_word' id='word_1_151' title='bbox 215 2255 375 2321; x_wconf 88' lang='lat' dir='ltr'>Herodot.</span> <span class='ocrx_word' id='word_1_152' title='bbox 390 2259 451 2322; x_wconf 94' lang='lat' dir='ltr'>Vl.</span> <span class='ocrx_word' id='word_1_153' title='bbox 467 2276 528 2325; x_wconf 77' lang='lat'>22:</span> <span class='ocrx_word' id='word_1_154' title='bbox 552 2256 610 2323; x_wconf 92' lang='lat' dir='ltr'>ubi</span> <span class='ocrx_word' id='word_1_155' title='bbox 624 2257 665 2323; x_wconf 92' lang='lat' dir='ltr'>de</span> <span class='ocrx_word' id='word_1_156' title='bbox 679 2257 816 2324; x_wconf 87' lang='lat' dir='ltr'>duarum</span> <span class='ocrx_word' id='word_1_157' title='bbox 835 2258 922 2322; x_wconf 87' lang='lat' dir='ltr'>Sami</span> <span class='ocrx_word' id='word_1_158' title='bbox 937 2257 1113 2322; x_wconf 71' lang='lat' dir='ltr'>sessionum</span> <span class='ocrx_word' id='word_1_159' title='bbox 1126 2256 1189 2321; x_wconf 90' lang='lat' dir='ltr'>dis-</span> 
     </span>
     <span class='ocr_line' id='line_1_20' title="bbox 151 2358 1189 2448; baseline 0 -26"><span class='ocrx_word' id='word_1_160' title='bbox 151 2358 290 2423; x_wconf 88' lang='lat' dir='ltr'>sensione</span> <span class='ocrx_word' id='word_1_161' title='bbox 305 2359 423 2446; x_wconf 80' lang='lat' dir='ltr'>agitur.</span> <span class='ocrx_word' id='word_1_162' title='bbox 461 2359 607 2426; x_wconf 89' lang='lat' dir='ltr'>Similem</span> <span class='ocrx_word' id='word_1_163' title='bbox 621 2359 708 2448; x_wconf 92' lang='lat' dir='ltr'>apud</span> <span class='ocrx_word' id='word_1_164' title='bbox 723 2360 847 2427; x_wconf 86' lang='lat' dir='ltr'>Samios</span> <span class='ocrx_word' id='word_1_165' title='bbox 861 2362 943 2444; x_wconf 76' lang='grc' dir='ltr'><strong>δῆμον</strong></span> <span class='ocrx_word' id='word_1_166' title='bbox 957 2359 1101 2427; x_wconf 83' lang='lat' dir='ltr'>adversus</span> <span class='ocrx_word' id='word_1_167' title='bbox 1113 2385 1189 2446; x_wconf 83' lang='grc' dir='ltr'><strong>γινο-</strong></span> 
     </span>
     <span class='ocr_line' id='line_1_21' title="bbox 90 2455 1190 2551; baseline 0.005 -29"><span class='ocrx_word' id='word_1_168' title='bbox 90 2472 94 2483; x_wconf 61' lang='lat'><em>¹</em></span> <span class='ocrx_word' id='word_1_169' title='bbox 151 2459 250 2548; x_wconf 65' lang='grc' dir='ltr'><strong>μόρους</strong></span> <span class='ocrx_word' id='word_1_170' title='bbox 276 2461 522 2548; x_wconf 82' lang='lat' dir='ltr'>occupationem</span> <span class='ocrx_word' id='word_1_171' title='bbox 551 2477 658 2528; x_wconf 86' lang='lat' dir='ltr'>narrat</span> <span class='ocrx_word' id='word_1_172' title='bbox 684 2455 890 2551; x_wconf 86' lang='lat' dir='ltr'>Thucydides</span> <span class='ocrx_word' id='word_1_173' title='bbox 917 2465 1011 2551; x_wconf 84' lang='lat' dir='ltr'>Vlll.</span> <span class='ocrx_word' id='word_1_174' title='bbox 1040 2481 1093 2530; x_wconf 79' lang='lat'>21.</span> <span class='ocrx_word' id='word_1_175' title='bbox 1138 2463 1190 2527; x_wconf 90' lang='lat' dir='ltr'>De</span> 
     </span>
     <span class='ocr_line' id='line_1_22' title="bbox 153 2562 1189 2652; baseline 0.003 -26"><span class='ocrx_word' id='word_1_176' title='bbox 153 2562 284 2628; x_wconf 90' lang='lat' dir='ltr'>nomine</span> <span class='ocrx_word' id='word_1_177' title='bbox 297 2562 446 2652; x_wconf 72' lang='grc' dir='ltr'><strong>γιονμόςοον</strong></span> <span class='ocrx_word' id='word_1_178' title='bbox 460 2564 675 2631; x_wconf 87' lang='lat' dir='ltr'>Ruhnkenius</span> <span class='ocrx_word' id='word_1_179' title='bbox 687 2566 790 2630; x_wconf 86' lang='lat' dir='ltr'>noster</span> <span class='ocrx_word' id='word_1_180' title='bbox 800 2565 842 2631; x_wconf 84' lang='lat' dir='ltr'>ad</span> <span class='ocrx_word' id='word_1_181' title='bbox 852 2565 937 2631; x_wconf 89' lang='lat' dir='ltr'>Tim.</span> <span class='ocrx_word' id='word_1_182' title='bbox 950 2565 1050 2631; x_wconf 91' lang='lat' dir='ltr'>Gloss.</span> <span class='ocrx_word' id='word_1_183' title='bbox 1064 2564 1189 2630; x_wconf 92' lang='lat' dir='ltr'>Platon.</span> 
     </span>
     <span class='ocr_line' id='line_1_23' title="bbox 131 2764 1191 2854; baseline 0 -25"><span class='ocrx_word' id='word_1_184' title='bbox 131 2776 134 2783; x_wconf 90' lang='lat'>&#39;</span> <span class='ocrx_word' id='word_1_185' title='bbox 198 2786 231 2850; x_wconf 94' lang='lat' dir='ltr'>p.</span> <span class='ocrx_word' id='word_1_186' title='bbox 246 2785 322 2849; x_wconf 85' lang='lat'><strong>304.</strong></span> <span class='ocrx_word' id='word_1_187' title='bbox 342 2765 382 2829; x_wconf 92' lang='lat' dir='ltr'>C.</span> <span class='ocrx_word' id='word_1_188' title='bbox 401 2765 466 2850; x_wconf 80' lang='grc' dir='ltr'><strong>νη’.]</strong></span> <span class='ocrx_word' id='word_1_189' title='bbox 490 2766 543 2831; x_wconf 92' lang='lat' dir='ltr'>De</span> <span class='ocrx_word' id='word_1_190' title='bbox 567 2766 717 2832; x_wconf 92' lang='lat' dir='ltr'>Herculis</span> <span class='ocrx_word' id='word_1_191' title='bbox 738 2789 758 2831; x_wconf 91' lang='lat' dir='ltr'>a</span> <span class='ocrx_word' id='word_1_192' title='bbox 778 2765 876 2854; x_wconf 86' lang='lat' dir='ltr'>Troja</span> <span class='ocrx_word' id='word_1_193' title='bbox 896 2779 991 2853; x_wconf 92' lang='lat' dir='ltr'>capta</span> <span class='ocrx_word' id='word_1_194' title='bbox 1012 2764 1135 2830; x_wconf 85' lang='lat' dir='ltr'>reducis</span> <span class='ocrx_word' id='word_1_195' title='bbox 1157 2764 1191 2830; x_wconf 94' lang='lat' dir='ltr'>in</span> 
     </span>
     <span class='ocr_line' id='line_1_24' title="bbox 157 2864 1190 2951; baseline 0 -22"><span class='ocrx_word' id='word_1_196' title='bbox 157 2865 229 2929; x_wconf 91' lang='lat' dir='ltr'>Con</span> <span class='ocrx_word' id='word_1_197' title='bbox 246 2864 384 2929; x_wconf 88' lang='lat' dir='ltr'>Insulam</span> <span class='ocrx_word' id='word_1_198' title='bbox 403 2865 543 2930; x_wconf 89' lang='lat' dir='ltr'>adventu</span> <span class='ocrx_word' id='word_1_199' title='bbox 564 2877 598 2929; x_wconf 89' lang='lat' dir='ltr'>et</span> <span class='ocrx_word' id='word_1_200' title='bbox 619 2887 729 2951; x_wconf 84' lang='lat' dir='ltr'>pugna</span> <span class='ocrx_word' id='word_1_201' title='bbox 746 2886 823 2929; x_wconf 93' lang='lat' dir='ltr'>cum</span> <span class='ocrx_word' id='word_1_202' title='bbox 842 2864 1031 2950; x_wconf 88' lang='lat' dir='ltr'>Meropibus</span> <span class='ocrx_word' id='word_1_203' title='bbox 1053 2864 1190 2950; x_wconf 88' lang='lat' dir='ltr'>Apollo·</span> 
     </span>
    </p>
   </div>
   <div class='ocr_carea' id='block_1_5' title="bbox 156 2964 1307 3054">
    <p class='ocr_par' dir='ltr' id='par_1_7' title="bbox 156 2964 1307 3054">
     <span class='ocr_line' id='line_1_25' title="bbox 156 2964 1307 3054; baseline 0.001 -25"><span class='ocrx_word' id='word_1_204' title='bbox 156 2964 254 3030; x_wconf 86' lang='lat' dir='ltr'>dorus</span> <span class='ocrx_word' id='word_1_205' title='bbox 270 2967 315 3029; x_wconf 90' lang='lat'>11.</span> <span class='ocrx_word' id='word_1_206' title='bbox 333 2982 364 3049; x_wconf 93' lang='lat'>7.</span> <span class='ocrx_word' id='word_1_207' title='bbox 380 2979 414 3030; x_wconf 89' lang='lat' dir='ltr'>et</span> <span class='ocrx_word' id='word_1_208' title='bbox 428 2965 483 3052; x_wconf 92' lang='lat' dir='ltr'>qui</span> <span class='ocrx_word' id='word_1_209' title='bbox 497 2965 639 3030; x_wconf 90' lang='lat' dir='ltr'>citantur</span> <span class='ocrx_word' id='word_1_210' title='bbox 654 2966 696 3030; x_wconf 92' lang='lat' dir='ltr'>ab</span> <span class='ocrx_word' id='word_1_211' title='bbox 710 2966 852 3054; x_wconf 90' lang='lat' dir='ltr'>Heynio.</span> <span class='ocrx_word' id='word_1_212' title='bbox 896 2966 959 3031; x_wconf 89' lang='lat' dir='ltr'>Sed</span> <span class='ocrx_word' id='word_1_213' title='bbox 979 2966 1020 3030; x_wconf 91' lang='lat' dir='ltr'>ab</span> <span class='ocrx_word' id='word_1_214' title='bbox 1040 2965 1089 3029; x_wconf 88' lang='lat' dir='ltr'>his</span> <span class='ocrx_word' id='word_1_215' title='bbox 1110 2986 1191 3050; x_wconf 91' lang='lat' dir='ltr'>pau·</span> <span class='ocrx_word' id='word_1_216' title='bbox 1299 3003 1307 3020; x_wconf 89' lang='lat'><strong>.</strong></span> 
     </span>
    </p>
   </div>
   <div class='ocr_carea' id='block_1_6' title="bbox 70 3065 1268 3967">
    <p class='ocr_par' dir='ltr' id='par_1_8' title="bbox 70 3065 1268 3967">
     <span class='ocr_line' id='line_1_26' title="bbox 155 3065 1191 3134; baseline -0.002 -2"><span class='ocrx_word' id='word_1_217' title='bbox 155 3068 222 3133; x_wconf 92' lang='lat' dir='ltr'>lum</span> <span class='ocrx_word' id='word_1_218' title='bbox 242 3068 362 3134; x_wconf 88' lang='lat' dir='ltr'>diversa</span> <span class='ocrx_word' id='word_1_219' title='bbox 374 3070 417 3134; x_wconf 87' lang='lat' dir='ltr'>est</span> <span class='ocrx_word' id='word_1_220' title='bbox 434 3081 468 3133; x_wconf 90' lang='lat' dir='ltr'>et</span> <span class='ocrx_word' id='word_1_221' title='bbox 485 3068 613 3134; x_wconf 86' lang='lat' dir='ltr'>uberior</span> <span class='ocrx_word' id='word_1_222' title='bbox 635 3067 799 3134; x_wconf 87' lang='lat' dir='ltr'>Plutarchi</span> <span class='ocrx_word' id='word_1_223' title='bbox 818 3068 968 3134; x_wconf 86' lang='lat' dir='ltr'>narratio.</span> <span class='ocrx_word' id='word_1_224' title='bbox 1015 3066 1114 3134; x_wconf 80' lang='lat' dir='ltr'>Quod</span> <span class='ocrx_word' id='word_1_225' title='bbox 1128 3065 1191 3131; x_wconf 78' lang='lat' dir='ltr'>Al-</span> 
     </span>
     <span class='ocr_line' id='line_1_27' title="bbox 155 3166 1240 3257; baseline 0 -24"><span class='ocrx_word' id='word_1_226' title='bbox 155 3169 230 3257; x_wconf 82' lang='lat' dir='ltr'>ciopi</span> <span class='ocrx_word' id='word_1_227' title='bbox 252 3168 360 3248; x_wconf 86' lang='lat' dir='ltr'>filiam,</span> <span class='ocrx_word' id='word_1_228' title='bbox 383 3173 431 3246; x_wconf 76' lang='grc' dir='ltr'>τὴν</span> <span class='ocrx_word' id='word_1_229' title='bbox 451 3167 614 3249; x_wconf 69' lang='grc' dir='ltr'><strong>Ἀλκιόπου,</strong></span> <span class='ocrx_word' id='word_1_230' title='bbox 631 3168 749 3234; x_wconf 84' lang='lat' dir='ltr'>duxisse</span> <span class='ocrx_word' id='word_1_231' title='bbox 768 3168 897 3248; x_wconf 89' lang='lat' dir='ltr'>dicitur,</span> <span class='ocrx_word' id='word_1_232' title='bbox 913 3167 1044 3234; x_wconf 90' lang='lat' dir='ltr'>nomina</span> <span class='ocrx_word' id='word_1_233' title='bbox 1061 3168 1193 3233; x_wconf 80' lang='lat' dir='ltr'>confusa</span> <span class='ocrx_word' id='word_1_234' title='bbox 1238 3166 1240 3169; x_wconf 67' lang='grc'><strong>’</strong></span> 
     </span>
     <span class='ocr_line' id='line_1_28' title="bbox 154 3269 1192 3360; baseline 0 -26"><span class='ocrx_word' id='word_1_235' title='bbox 154 3270 295 3358; x_wconf 89' lang='lat' dir='ltr'>ejusdem</span> <span class='ocrx_word' id='word_1_236' title='bbox 310 3271 452 3336; x_wconf 91' lang='lat' dir='ltr'>mulieris</span> <span class='ocrx_word' id='word_1_237' title='bbox 465 3295 538 3359; x_wconf 85' lang='lat' dir='ltr'>quae</span> <span class='ocrx_word' id='word_1_238' title='bbox 555 3271 711 3360; x_wconf 77' lang='lat' dir='ltr'>Chalciope</span> <span class='ocrx_word' id='word_1_239' title='bbox 728 3269 846 3336; x_wconf 86' lang='lat' dir='ltr'>dicitur</span> <span class='ocrx_word' id='word_1_240' title='bbox 866 3270 971 3335; x_wconf 91' lang='lat' dir='ltr'>eidem</span> <span class='ocrx_word' id='word_1_241' title='bbox 993 3269 1192 3357; x_wconf 87' lang='lat' dir='ltr'>Apollodoro</span> 
     </span>
     <span class='ocr_line' id='line_1_29' title="bbox 157 3362 1257 3459; baseline 0 -22"><span class='ocrx_word' id='word_1_242' title='bbox 157 3374 203 3437; x_wconf 88' lang='lat'>11.</span> <span class='ocrx_word' id='word_1_243' title='bbox 223 3389 255 3458; x_wconf 88' lang='lat'>7,</span> <span class='ocrx_word' id='word_1_244' title='bbox 270 3374 301 3438; x_wconf 91' lang='lat'>8.</span> <span class='ocrx_word' id='word_1_245' title='bbox 316 3386 350 3438; x_wconf 88' lang='lat' dir='ltr'>et</span> <span class='ocrx_word' id='word_1_246' title='bbox 371 3373 554 3438; x_wconf 71' lang='lat' dir='ltr'>Scholiasta</span> <span class='ocrx_word' id='word_1_247' title='bbox 577 3373 704 3439; x_wconf 88' lang='lat' dir='ltr'>Pindari</span> <span class='ocrx_word' id='word_1_248' title='bbox 720 3374 819 3438; x_wconf 90' lang='lat' dir='ltr'>Nem.</span> <span class='ocrx_word' id='word_1_249' title='bbox 838 3375 895 3437; x_wconf 92' lang='lat' dir='ltr'>IV.</span> <span class='ocrx_word' id='word_1_250' title='bbox 910 3391 964 3454; x_wconf 84' lang='lat'>42.</span> <span class='ocrx_word' id='word_1_251' title='bbox 981 3372 1110 3459; x_wconf 85' lang='lat' dir='ltr'>aliisque</span> <span class='ocrx_word' id='word_1_252' title='bbox 1124 3371 1192 3437; x_wconf 91' lang='lat' dir='ltr'>illic</span> <span class='ocrx_word' id='word_1_253' title='bbox 1247 3362 1257 3449; x_wconf 39' lang='lat'>⁴,</span> 
     </span>
     <span class='ocr_line' id='line_1_30' title="bbox 159 3474 1191 3562; baseline 0 -24"><span class='ocrx_word' id='word_1_254' title='bbox 159 3475 289 3562; x_wconf 92' lang='lat' dir='ltr'>Heynio</span> <span class='ocrx_word' id='word_1_255' title='bbox 311 3474 460 3540; x_wconf 90' lang='lat' dir='ltr'>laudatis.</span> <span class='ocrx_word' id='word_1_256' title='bbox 506 3474 764 3541; x_wconf 88' lang='lat' dir='ltr'>Promontorium</span> <span class='ocrx_word' id='word_1_257' title='bbox 784 3474 898 3540; x_wconf 89' lang='lat' dir='ltr'>Insulae</span> <span class='ocrx_word' id='word_1_258' title='bbox 913 3478 1028 3562; x_wconf 73' lang='grc' dir='ltr'>Λακτὴς</span> <span class='ocrx_word' id='word_1_259' title='bbox 1045 3475 1088 3538; x_wconf 81' lang='lat' dir='ltr'>esi</span> <span class='ocrx_word' id='word_1_260' title='bbox 1102 3474 1191 3539; x_wconf 86' lang='lat' dir='ltr'>Stra·</span> 
     </span>
     <span class='ocr_line' id='line_1_31' title="bbox 157 3574 1191 3664; baseline -0.003 -23"><span class='ocrx_word' id='word_1_261' title='bbox 157 3576 234 3641; x_wconf 93' lang='lat' dir='ltr'>boni</span> <span class='ocrx_word' id='word_1_262' title='bbox 250 3577 342 3643; x_wconf 89' lang='lat' dir='ltr'><strong>XIV.</strong></span> <span class='ocrx_word' id='word_1_263' title='bbox 358 3599 391 3663; x_wconf 84' lang='lat' dir='ltr'>p.</span> <span class='ocrx_word' id='word_1_264' title='bbox 407 3595 482 3663; x_wconf 87' lang='lat'><strong>971.</strong></span> <span class='ocrx_word' id='word_1_265' title='bbox 498 3578 537 3643; x_wconf 86' lang='lat' dir='ltr'>B.</span> <span class='ocrx_word' id='word_1_266' title='bbox 581 3577 777 3642; x_wconf 82' lang='lat' dir='ltr'>Antimachia</span> <span class='ocrx_word' id='word_1_267' title='bbox 789 3574 946 3663; x_wconf 90' lang='lat' dir='ltr'>oppidum</span> <span class='ocrx_word' id='word_1_268' title='bbox 962 3575 1126 3664; x_wconf 85' lang='lat' dir='ltr'>quoddam</span> <span class='ocrx_word' id='word_1_269' title='bbox 1140 3576 1191 3639; x_wconf 91' lang='lat' dir='ltr'>in-</span> 
     </span>
     <span class='ocr_line' id='line_1_32' title="bbox 158 3676 1191 3767; baseline 0 -24"><span class='ocrx_word' id='word_1_270' title='bbox 158 3677 313 3766; x_wconf 82' lang='lat' dir='ltr'>telligitur</span> <span class='ocrx_word' id='word_1_271' title='bbox 332 3680 372 3745; x_wconf 86' lang='lat' dir='ltr'>ab</span> <span class='ocrx_word' id='word_1_272' title='bbox 393 3679 632 3767; x_wconf 84' lang='lat' dir='ltr'>interpretibus,</span> <span class='ocrx_word' id='word_1_273' title='bbox 647 3693 681 3746; x_wconf 92' lang='lat' dir='ltr'>et</span> <span class='ocrx_word' id='word_1_274' title='bbox 697 3680 860 3766; x_wconf 89' lang='lat' dir='ltr'>Stephano</span> <span class='ocrx_word' id='word_1_275' title='bbox 872 3679 970 3744; x_wconf 90' lang='lat' dir='ltr'>Thes.</span> <span class='ocrx_word' id='word_1_276' title='bbox 990 3680 1048 3744; x_wconf 90' lang='lat' dir='ltr'>Gr.</span> <span class='ocrx_word' id='word_1_277' title='bbox 1063 3679 1102 3742; x_wconf 94' lang='lat' dir='ltr'>L.</span> <span class='ocrx_word' id='word_1_278' title='bbox 1120 3676 1191 3743; x_wconf 92' lang='lat' dir='ltr'>Ind.</span> 
     </span>
     <span class='ocr_line' id='line_1_33' title="bbox 156 3778 1268 3872; baseline 0.001 -28"><span class='ocrx_word' id='word_1_279' title='bbox 156 3801 190 3866; x_wconf 96' lang='lat' dir='ltr'>p.</span> <span class='ocrx_word' id='word_1_280' title='bbox 206 3780 290 3866; x_wconf 81' lang='lat'><strong>463:</strong></span> <span class='ocrx_word' id='word_1_281' title='bbox 314 3779 402 3846; x_wconf 91' lang='lat' dir='ltr'>haud</span> <span class='ocrx_word' id='word_1_282' title='bbox 423 3780 557 3849; x_wconf 88' lang='lat' dir='ltr'>memini</span> <span class='ocrx_word' id='word_1_283' title='bbox 578 3780 655 3847; x_wconf 89' lang='lat' dir='ltr'>alibi</span> <span class='ocrx_word' id='word_1_284' title='bbox 676 3803 729 3846; x_wconf 88' lang='lat' dir='ltr'>me</span> <span class='ocrx_word' id='word_1_285' title='bbox 748 3781 866 3869; x_wconf 79' lang='lat' dir='ltr'>legere.</span> <span class='ocrx_word' id='word_1_286' title='bbox 910 3780 1076 3847; x_wconf 80' lang='lat' dir='ltr'>Vossianus</span> <span class='ocrx_word' id='word_1_287' title='bbox 1091 3778 1193 3845; x_wconf 85' lang='lat' dir='ltr'>codex</span> <span class='ocrx_word' id='word_1_288' title='bbox 1265 3866 1268 3872; x_wconf 14' lang='lat' dir='ltr'><em>A</em></span> 
     </span>
     <span class='ocr_line' id='line_1_34' title="bbox 70 3880 410 3967; baseline -0.003 -20"><span class='ocrx_word' id='word_1_289' title='bbox 70 3900 72 3902; x_wconf 78' lang='grc'>’</span> <span class='ocrx_word' id='word_1_290' title='bbox 157 3881 214 3947; x_wconf 85' lang='lat' dir='ltr'>dat</span> <span class='ocrx_word' id='word_1_291' title='bbox 227 3880 410 3967; x_wconf 74' lang='grc' dir='ltr'><strong>ἀντιμαχεῖᾳ.</strong></span> 
     </span>
    </p>
   </div>
   <div class='ocr_carea' id='block_1_7' title="bbox 159 3982 1328 4174">
    <p class='ocr_par' dir='ltr' id='par_1_9' title="bbox 159 3982 1328 4174">
     <span class='ocr_line' id='line_1_35' title="bbox 199 3982 1328 4072; baseline 0 -24"><span class='ocrx_word' id='word_1_292' title='bbox 199 3985 349 4070; x_wconf 45' lang='grc' dir='ltr'><strong>3ο4.,Ε.]</strong></span> <span class='ocrx_word' id='word_1_293' title='bbox 380 3983 548 4048; x_wconf 72' lang='grc' dir='ltr'><strong>παλιντοκία</strong></span> <span class='ocrx_word' id='word_1_294' title='bbox 568 3983 806 4072; x_wconf 85' lang='lat' dir='ltr'>Megarensium</span> <span class='ocrx_word' id='word_1_295' title='bbox 830 3982 924 4067; x_wconf 85' lang='lat' dir='ltr'>supra</span> <span class='ocrx_word' id='word_1_296' title='bbox 954 3994 1129 4047; x_wconf 85' lang='lat' dir='ltr'>memorata</span> <span class='ocrx_word' id='word_1_297' title='bbox 1150 3984 1193 4048; x_wconf 86' lang='lat' dir='ltr'>est</span> <span class='ocrx_word' id='word_1_298' title='bbox 1326 4027 1328 4031; x_wconf 91' lang='lat'><em>-</em></span> 
     </span>
     <span class='ocr_line' id='line_1_36' title="bbox 159 4082 1308 4174; baseline -0.003 -21"><span class='ocrx_word' id='word_1_299' title='bbox 159 4086 278 4153; x_wconf 79' lang='lat' dir='ltr'><strong>Quaest.</strong></span> <span class='ocrx_word' id='word_1_300' title='bbox 301 4087 359 4152; x_wconf 92' lang='lat' dir='ltr'>Gr.</span> <span class='ocrx_word' id='word_1_301' title='bbox 375 4083 421 4165; x_wconf 81' lang='grc' dir='ltr'>ιη’.</span> <span class='ocrx_word' id='word_1_302' title='bbox 437 4107 471 4173; x_wconf 95' lang='grc' dir='ltr'>Ρ.</span> <span class='ocrx_word' id='word_1_303' title='bbox 487 4088 623 4174; x_wconf 61' lang='grc'><strong>2931).</strong></span> <span class='ocrx_word' id='word_1_304' title='bbox 638 4086 723 4151; x_wconf 89' lang='lat' dir='ltr'>unde</span> <span class='ocrx_word' id='word_1_305' title='bbox 744 4083 907 4151; x_wconf 87' lang='lat' dir='ltr'>seditionis</span> <span class='ocrx_word' id='word_1_306' title='bbox 926 4082 1025 4171; x_wconf 92' lang='lat' dir='ltr'>hujus</span> <span class='ocrx_word' id='word_1_307' title='bbox 1044 4100 1121 4150; x_wconf 86' lang='lat' dir='ltr'>aetas</span> <span class='ocrx_word' id='word_1_308' title='bbox 1140 4085 1193 4150; x_wconf 89' lang='lat' dir='ltr'>in·</span> <span class='ocrx_word' id='word_1_309' title='bbox 1305 4154 1308 4158; x_wconf 16' lang='grc' dir='ltr'><em>Α</em></span> 
     </span>
    </p>
   </div>
   <div class='ocr_carea' id='block_1_8' title="bbox 83 4187 326 4276">
    <p class='ocr_par' dir='ltr' id='par_1_10' title="bbox 83 4187 326 4276">
     <span class='ocr_line' id='line_1_37' title="bbox 83 4187 326 4276; baseline 0 -24"><span class='ocrx_word' id='word_1_310' title='bbox 83 4257 85 4260; x_wconf 60' lang='grc'>,</span> <span class='ocrx_word' id='word_1_311' title='bbox 160 4187 326 4276; x_wconf 85' lang='lat' dir='ltr'>telligitur.</span> 
     </span>
    </p>
   </div>
   <div class='ocr_carea' id='block_1_9' title="bbox 0 0 1376 4770">
    <p class='ocr_par' dir='ltr' id='par_1_11' title="bbox 0 0 1376 4770">
     <span class='ocr_line' id='line_1_38' title="bbox 0 0 1376 4770; baseline 0 0"><span class='ocrx_word' id='word_1_312' title='bbox 0 0 1376 4770; x_wconf 95' lang='lat' dir='ltr'> </span> 
     </span>
    </p>
   </div>
  </div>
 </body>
</html>
