2714 4770
153 339 213 400 nu
232 340 353 401 trax.
374 343 418 401 11.
439 341 641 403 rourum.
662 342 728 399 ori.
744 342 783 401 11.
804 343 918 421 31338.
933 342 1113 420 r-33a.c.
1139 362 1194 424 ηρ

146 500 200 565 tia
213 499 380 588 Musgrar.
395 502 435 566 T.
452 502 514 566 III.
532 521 564 588 p.
576 502 653 586 562.
697 502 776 567 Non
797 501 951 588 ignorasse
966 502 1091 568 videtur
1105 504 1196 570 Thu·

151 600 303 690 (tydides,
319 603 374 667 illa
387 603 523 668 scribens
537 605 595 671 IV·
609 619 646 687 17
659 607 751 686 τ-μὴ
764 604 857 668 παθεῖν
872 602 934 692 Iup
950 610 973 669 σί
983 606 1068 683 iiiior
1078 631 1106 669 τι
1118 610 1197 692 ἀγα-

154 705 199 768 θδν
218 706 407 786 λαμβάνοντος
421 712 475 769 τῶν
490 703 642 790 ἀνθρὼπων·
665 707 708 769 ἀεὶ
724 708 783 792 γὰρ
796 713 845 769 τοῦ
859 705 970 783 τλίονσς
984 707 1072 772 truta
1086 707 1197 795 ἀμίγον·

153 831 217 886 ται,
233 807 278 869 διὰ
292 809 323 870 τὸ
337 807 385 870 καί
399 809 436 870 τοὶ
449 807 572 893 παρόντα
586 808 723 884 ἀδοκήτως
737 811 895 894 ἀτυχῆσαι.
996 873 1006 900 3

199 929 233 994 p.
247 908 324 993 338.
337 909 382 972 Α.
402 912 520 984 Κλεῖτος
541 912 567 972 ίν
588 909 779 997 Ἀμοργῷ-4
804 908 1011 975 Navarchum
1034 909 1197 998 Antipa'tri

155 1008 243 1075 bello
266 1009 418 1074 lainiaco
439 1009 578 1097 legimus
598 1009 686 1096 apud
707 1009 892 1075 Diodorum
915 1010 979 1074 Sic.
999 1011 1128 1076 XVIII.
1148 1026 1197 1096 15.

154 1111 308 1177 eumdem
323 1127 375 1195 72.
396 1110 550 1177 νίἂοτσω
572 1134 637 1177 non
657 1110 700 1177 ad
718 1110 913 1199 Amorgum,
930 1110 983 1176 sed
1000 1111 1041 1176 ad
1057 1111 1197 1177 Echina-

155 1213 226 1280 des.
743 1274 753 1287 ,
851 1260 852 1263 ,
1099 1252 1103 1267 ·

199 1317 275 1404 338.
287 1318 330 1382 A.
347 1317 514 1404 Δημήτριος]
533 1318 587 1383 Sic
602 1317 635 1382 in
649 1317 729 1407 Fjus
742 1306 820 1382 Vita
833 1338 866 1404 p.
878 1318 954 1403 893.
967 1318 1013 1382 D.
1028 1315 1197 1404 attigimus

150 1419 379 1505 remxsurrar·
393 1435 448 1504 ⁵7·
466 1421 502 1485 F·
689 1485 698 1500 .

200 1520 275 1604 338.
292 1519 330 1584 Β.
345 1521 509 1607 Κλέαρχος]
533 1521 648 1587 Jorem
672 1521 703 1585 se
724 1519 905 1608 appellasse,
921 1518 1022 1585 tradit
1037 1519 1197 1585 Memnon

154 1619 189 1687 in
214 1624 364 1709 Excerpt.
391 1625 495 1689 Photii
519 1624 707 1692 CCXXIV.
729 1645 761 1710 p.
778 1640 853 1708 704.
876 1622 932 1688 ubi
952 1621 1015 1687 alia
1032 1622 1130 1687 etiam
1155 1621 1197 1686 de
1226 1614 1234 1624 '

156 1722 227 1810 ejus
242 1724 361 1790 insania
374 1741 409 1791 et
424 1727 625 1793 crudelitate.
662 1727 842 1792 Athenaeur
860 1727 922 1791 III.
938 1748 972 1811 p.
988 1725 1041 1810 85.
1057 1724 1096 1789 B.
1133 1725 1196 1789 ΙΕ-

155 1822 260 1890 liauua
274 1829 350 1893 Var.
366 1830 448 1895 Hist.
465 1832 525 1896 lx.
544 1851 594 1917 13.
623 1829 789 1895 Diodorus
805 1829 870 1893 Sic.
887 1830 962 1894 XV.
979 1828 1032 1913 81.
1055 1826 1198 1892 Iustinus

149 2079 153 2087 .
199 2032 276 2116 338.
299 2033 338 2097 Β.
364 2032 505 2109 Διονύσιος
526 2037 540 2096 ί
561 2032 700 2119 vinium]
731 2031 889 2098 Doridem
911 2029 1026 2096 habuit
1048 2043 1197 2108 matrem,

156 2132 348 2200 Plutarchus
362 2134 470 2200 Dione
482 2158 515 2223 p.
529 2152 604 2223 959.
620 2136 659 2200 B.
687 2135 824 2201 Versum
838 2135 926 2198 hunc
942 2132 1096 2221 fignificat
1110 2132 1196 2196 Scri·

152 2248 233 2322 ptor
255 2237 350 2323 Epist.
375 2239 500 2303 Socrat.
524 2239 684 2306 XXXIV.
706 2259 739 2324 p.
758 2251 811 2322 75.
848 2234 965 2301 Dionis
986 2233 1028 2299 ad
1050 2234 1197 2321 Speufip·

137 2357 255 2424 pum:
277 2340 348 2404 τάνυ
371 2344 429 2426 γὰρ
450 2339 541 2424 οίομοιι
563 2343 651 2414 αὐτὸς
678 2339 819 2418 ἂξιηκίοιις
840 2337 908 2402 οίνοιι
929 2335 1033 2423 ἀνδριίς,
1057 2335 1198 2423 Κίκμοτος

101 2487 110 2517 ·.
155 2438 307 2524 κοινώμασι
328 2442 512 2521 βλαστάνῃς·
539 2441 695 2508 lacessitur
716 2441 758 2506 ab
779 2439 843 2506 hoc
870 2441 933 2526 Ep.
955 2439 1119 2503 XXXIII.
1145 2436 1197 2501 di·

159 2541 239 2608 serte
261 2544 360 2630 posito
374 2544 463 2610 dioto
475 2567 508 2633 p.
524 2561 586 2630 742
607 2545 680 2610 πάνυ
694 2548 754 2632 γάμ
767 2541 910 2624 ἂξιηκίοος
923 2545 1010 2617 ιιάτάς
1024 2539 1116 2625 οἴομαι
1129 2540 1197 2604 ιίνοιι

156 2644 260 2731 ἀνδμάς,
275 2647 381 2726 Φοίβου
396 2647 547 2730 κοινώμασι
561 2645 746 2726 βλαστόντας.
786 2722 789 2730 ¹

198 2750 275 2833 338.
288 2749 334 2813 ⁴B.
353 2755 367 2812 8
389 2750 420 2812 δὲἸ
436 2748 737 2837 πατὴΓ-ἀεπνίξας]
762 2746 820 2813 Rei
842 2743 991 2810 notitiam
1012 2741 1142 2808 servavit
1164 2755 1204 2818 et·

157 2849 307 2914 AElianus
328 2851 424 2914 XIII.
443 2868 505 2936 45²
529 2850 670 2923 Διονύσοις
690 2853 740 2926 τὴν
758 2846 865 2934 μητίμα
885 2844 1009 2928 διίφθοιμι
1029 2841 1196 2928 φαρμάκοις·

157 2950 294 3028 Λεπτίνην
315 2951 342 3014 ii
357 2953 403 3014 σδν
421 2951 538 3034 ἀδελφὸν
557 2956 651 3013 σῶσαι
666 2949 822 3030 δννάμονος,
836 2951 909 3033 ivri
925 2943 1074 3030 ναυμαχίᾳ
1085 2946 1198 3031 τιμιοῦο

153 3054 355 3138 bromium·
379 3053 435 3121 ubi
447 3051 633 3119 consulendi
649 3049 799 3115 Kuhniua
812 3062 847 3115 et
860 3047 1058 3114 Perizonius.

198 3157 275 3242 338.
293 3155 334 3220 C.
355 3158 396 3219 Ἡ
423 3158 480 3242 γὰρ
504 3154 626 3242 τυραννίς
650 3152 758 3228 ἀδικίας
781 3151 870 3238 prim?
894 3151 956 3238 ipa]
982 3149 1090 3215 Exstat
1110 3145 1197 3234 apud

155 3257 320 3322 Stobaeum
337 3259 422 3323 Flor.
439 3257 505 3323 Tit.
521 3256 663 3321 XLVII.
678 3277 711 3342 p.
725 3273 801 3341 343.
815 3252 958 3341 appofito
972 3251 1007 3317 iu
1020 3250 1098 3318 edit.
1113 3249 1196 3316 Gris-

130 3365 224 3447 Jner.
267 3361 400 3447 Diorysti
421 3360 552 3447 tyranni,
570 3358 650 3424 aliar
666 3357 838 3446 Euripidis,
854 3354 942 3442 apud
962 3356 1055 3420 Grot.
1072 3354 1208 3430 XLIX.
1277 3446 1282 3454 ¹

156 3464 459 3551 p.186.Dionyfim.
504 3465 543 3528 In
566 3460 807 3529 proverbiorum
825 3455 1019 3545 Appendice
1039 3454 1197 3522 Vaticana

155 3567 202 3631 II.
225 3583 260 3651 7.Ι
282 3567 460 3653 proditum,
487 3586 622 3631 numero
647 3562 767 3631 exemit
788 3561 945 3628 Schottua
966 3582 1002 3649 p.
1025 3560 1099 3624 280.
1143 3560 1196 3624 De
1246 3613 1247 3616 ,
1315 3584 1317 3587 ·
1352 3535 1356 3538 .

154 3666 226 3755 ejus
250 3668 283 3732 in
308 3669 499 3756 tragoediam
523 3665 722 3734 scribendam
741 3664 845 3730 studio
865 3663 981 3728 Cicero
1002 3661 1083 3728 dixit
1099 3660 1194 3725 Tusc.

153 3770 200 3841 V.
215 3789 267 3837 22.
312 3770 459 3835 AEIianur
480 3773 556 3837 Var.
580 3769 664 3835 Hist.
685 3769 748 3833 III.
766 3769 818 3833 18.
841 3780 980 3852 utroque
999 3763 1074 3829 loco
1091 3761 1195 3829 inter·

154 3887 262 3959 preter
275 3872 461 3939 adhibendi.
912 3874 915 3880 '

197 3977 273 4063 338.
290 3977 332 4043 C.
353 3972 979 4064 Ἀςιτὴνέ-Σοιφροσιίνιςν-Δικοιοσιίνην-]
1004 3971 1091 4044 Duae
1106 3968 1195 4055 prio-⁹
1217 3992 1223 4003 ·

154 4100 204 4144 res
226 4077 367 4166 oognitae
386 4078 459 4143 sunt
473 4099 513 4143 ex
528 4076 690 4142 Plutarchi
704 4075 811 4142 Dione
826 4097 859 4161 p.
875 4077 950 4159 960.
967 4073 1009 4139 C.
1029 4087 1064 4138 et
1081 4073 1194 4159 Nepo-

154 4181 196 4247 tis
211 4183 238 4246 I.
252 4202 283 4245 1.
299 4181 428 4248 tertiam
444 4204 484 4245 an
499 4179 552 4245 aiii
567 4179 757 4260 affinxerint,
772 4177 859 4244 haud
874 4176 1051 4243 statuimus.

194 4285 270 4369 338.
287 4283 329 4348 C.
351 4286 449 4371 φθιςάς
468 4281 582 4360 παίδοιν,
599 4282 646 4345 ruri
659 4281 869 4363 τυμπανισμοὺς
883 4283 910 4343 ἓν
924 4273 1108 4368 ἀνδρογῦνσις]
1136 4280 1192 4342 In·

240 4404 326 4450 VOL.
344 4405 417 4449 VII.
664 4403 688 4446 Κ
