2714 4770
225 334 282 396 174
365 320 404 378 D.
426 320 474 378 W.
496 319 693 379 ANIMADV.
715 320 760 379 lN
780 318 1018 381 PLUTARCHl
1039 318 1119 378 LIB.

261 498 338 567 353.
355 479 396 544 C.
410 480 711 567 Ὀξυρυγχῖται-τὸν
725 478 882 566 ὀξύρυγχον
896 477 1002 565 ίχίύν.]
1023 478 1140 543 Strabo
1156 478 1266 544 XVll.

218 603 253 670 p.
268 585 362 649 1166.
380 584 419 649 C.
436 585 500 671 seq.
540 584 689 650 AElianue
709 584 790 648 Nat.
814 583 927 649 Anim.
949 585 991 650 X.
1011 587 1066 670 4⁶·
1112 582 1265 649 Clemens

217 687 313 752 Alex.
333 690 488 774 Protrept.
504 710 535 774 p.
551 707 603 773 25.
621 689 660 752 B.
683 737 688 746 .

258 805 335 876 353.
354 790 395 855 C.
417 790 540 878 φάγρου]
570 790 715 855 AElianus
731 791 808 854 Nat.
825 789 937 854 Anim.
955 791 998 853 X.
1015 811 1069 877 19:
1093 791 1165 864 Τοὺς
1185 795 1262 877 ίχίῦς

215 893 279 967 τοὺς
297 893 419 978 φάγρους
438 892 571 971 Συηνῖται
591 894 642 975 μὲν
662 892 823 976 Αἰγυπτίων
846 893 928 979 ἱεροὺς
948 891 1262 973 νομίζουσι’-ἆνιίναι

111 1053 115 1057 ,
144 982 146 987 ¹
215 1020 247 1059 τε
269 996 318 1072 ναί
340 1000 473 1059 ἀναπλεῖν
490 1002 539 1059 τοῦ
557 996 661 1060 Νείλου
681 995 846 1078 μέλλοντος,
867 996 922 1059 eide
941 996 1081 1082 προθέουσι
1095 999 1145 1059 καί
1162 996 1261 1083 νήχον-

141 1170 146 1174 ,
213 1122 276 1177 ται,
292 1100 367 1162 οίονεί
380 1105 429 1162 τοῦ
445 1099 501 1162 νέου
515 1097 612 1173 ὕδατος
631 1097 766 1185 οίγγελοι,
785 1101 833 1162 καί
853 1103 905 1173 τοὶς
923 1107 976 1163 τῶν
997 1096 1161 1184 Αἰγυπτίων
1178 1103 1260 1185 ἆνερ·

213 1201 332 1284 τημίνας
352 1202 469 1288 γνώμας
487 1202 711 1288 τροειιφραίνουσι
732 1206 834 1276 καλαῖς
854 1200 960 1281 ἐλπίσι,
981 1206 1029 1279 τὴν
1052 1201 1195 1284 ἐπιδημίαν
1213 1209 1260 1265 τοῦ

99 1366 101 1369 ,
213 1305 348 1393 ῥεύματος
361 1313 462 1390 πρῶτοι
477 1304 611 1380 συνιέντες
626 1308 674 1369 καί
689 1307 836 1393 θαυμαστῇ
852 1306 903 1369 τινί
922 1304 1001 1388 φύσει
1015 1305 1260 1392 προμαντευόμενοι

104 1438 106 1442 ·
212 1411 305 1477 ἐκεῖνοι
328 1429 375 1492 γε·
411 1408 566 1473 Clemens
590 1408 684 1473 Alex.
700 1410 868 1494 ,Protrept
897 1430 929 1496 p.
949 1427 1003 1492 25.
1025 1409 1070 1472 B:
1095 1408 1212 1486 σε’βουτι
1232 1410 1259 1473 li

211 1513 302 1574 αὐτῶν
325 1511 457 1595 Συηνῖται
470 1512 587 1596 ’φαγρὸν
606 1512 652 1575 τὸν
675 1512 1020 1598 ἰχθῦν-Ὀξυρυγχῖται
1038 1513 1085 1575 τὸν
1106 1512 1259 1597 φερώνυμον

112 1651 116 1663 .
211 1617 260 1689 τῆς
285 1613 384 1699 χώρας
408 1612 624 1702 αὐτῶνὸμοίιος
652 1615 742 1700 ἰχθῦν·
777 1613 834 1678 ubi
863 1611 1030 1679 videantur
1053 1613 1259 1703 interprete&

210 1716 329 1802 quibus
351 1716 489 1782 addatur
510 1718 712 1784 Schmidtius
732 1718 776 1782 V.
798 1716 851 1783 Cl.
871 1717 1001 1784 Differt.
1020 1719 1073 1783 De
1092 1716 1259 1783 Sacerdot.

209 1831 245 1884 et
266 1819 381 1885 Sacrif.
400 1821 480 1907 AEg.
502 1841 536 1906 p.
553 1821 737 1908 296-298.
782 1822 821 1885 ln
844 1818 981 1906 piscibus
1001 1827 1175 1907 χαρακτῆρα
1195 1819 1259 1884 lton

208 1923 291 1986 xal’
280 1921 428 2008 εειχιίιριον
450 1923 645 1988 habentibus
669 1938 857 1988 numeratur
878 1945 898 1988 a
916 1923 1075 1989 Strabone
1095 1924 1208 1988 XVII.
1223 1945 1256 2010 p.

215 2031 366 2113 1179.A.
470 2084 472 2088 .

253 2147 283 2215 3
279 2148 329 2213 3.
344 2129 388 2191 D.
412 2131 452 2190 Oi
473 2129 530 2190 δ’
521 2132 597 2213 ιερεῖς
619 2135 774 2213 ατεχονται
795 2128 918 2215 παντων]
950 2130 1003 2195 De
1028 2127 1256 2194 Sacettlotlbus

210 2228 400 2293 Herodotus
422 2228 469 2292 ll.
490 2248 592 2314 37²⁸
584 2229 685 2315 ἰχθύων
704 2227 781 2292 δ”
748 2255 779 2294 ον
800 2249 850 2312 σφι
874 2231 916 2310 iit
904 2256 964 2295 εστι
985 2231 1141 2296 πάσασθαι·
1166 2230 1256 2318 quod

208 2329 350 2395 universe
372 2329 608 2416 accipiendum.
654 2331 808 2398 Clemens
832 2332 1007 2401 Alexandr.
1029 2335 1151 2399 Strom.
1172 2334 1254 2399 Vll.

208 2453 242 2522 p.
258 2434 333 2518 718.
354 2434 407 2497 D:
433 2434 534 2519 ἰχθύων
548 2438 604 2520 οὐχ
618 2432 763 2499 ἅπτονται.
810 2437 966 2525 Porphyr.
983 2438 1036 2503 De
1052 2436 1177 2502 Abstin.
1193 2436 1254 2502 lV.

208 2553 241 2619 7.
258 2559 292 2625 p.
304 2557 386 2622 314:
413 2538 514 2664 ἔχθραν
534 2565 566 2602 τε
588 2536 738 2625 ἀπείχοντο
760 2539 880 2606 πάντων.
924 2540 1073 2608 Julianus
1087 2541 1146 2606 Or.
1160 2536 1203 2604 V.
1219 2561 1253 2626 p.

211 2644 284 2725 176.
300 2642 347 2705 Β.
371 2641 582 2727 οἰτηγίρευταιι
575 2641 715 2726 ίχθιίσιν
660 2668 786 2707 ιναπασι
798 2644 934 2729 χρῆσθαι
953 2645 1106 2707 xntvovbi’
1097 2668 1157 2706 εστι
1171 2650 1254 2707 τοῦτο

207 2746 256 2808 καί
269 2744 335 2833 τρίς
350 2745 566 2844 Αιγυττίουςτὸ
580 2745 743 2829 πρόβλημα
769 2745 922 2834 ambigue
937 2744 1253 2856 dietum,1taacc1p1

205 2848 310 2934 poffit,
326 2850 449 2913 vetitum
465 2850 504 2933 est
518 2849 647 2913 omnibus
666 2849 759 2913 ιιιίι
725 2863 759 2938 p
749 2850 860 2939 subus
878 2862 915 2913 ut
932 2826 1152 2927 stibaudiatur,
1168 2851 1252 2936 quos-

204 2955 276 3019 dam
294 2954 399 3042 excipi,
414 2955 587 3042 quibusdam
607 2955 691 3019 licere
708 2955 771 3020 uti:
794 2969 828 3019 at
843 2955 862 3019 st
879 2954 1022 3019 universe
1036 2968 1147 3042 negat,
1163 2968 1201 3018 ut
1216 2953 1254 3018 lit

202 3056 326 3120 vetitum
345 3057 438 3142 gal
403 3082 424 3120 ιι
437 3056 464 3119 lo
484 3058 559 3143 pisce
578 3070 633 3135 ute,
656 3057 677 3121 i.
695 3080 724 3122 e.
746 3070 926 3146 praeceptum
946 3055 1041 3143 estnu
1044 3055 1174 3143 llopisce
1188 3055 1251 3120 uli.-

203 3157 302 3223 dieto
322 3159 464 3244 suspedta
478 3159 514 3223 snt
529 3158 717 3223 hebraismi:
743 3183 814 3245 quae
830 3173 917 3224 certe
932 3182 997 3224 non
1013 3158 1046 3224 in
1061 3158 1248 3225 lulianum:

202 3260 242 3324 ot
255 3260 384 3325 credam
400 3283 475 3324 eum
492 3260 637 3347 scripfiffe
652 3264 748 3335 ἁπλῶς
762 3266 801 3343 μὴ
816 3283 875 3347 pro
889 3261 991 3325 ἅπασι.

246 3377 321 3450 353.
337 3363 381 3426 D.
396 3361 692 3450 πρώτουμηνός-τρὸ
713 3369 760 3440 τῆς
775 3364 885 3427 αὐλείου
900 3364 992 3449 θύρας]
1019 3363 1133 3428 Mense
1146 3363 1248 3442 Thot,

201 3463 396 3551 qui‘primus
411 3477 480 3530 erat
491 3464 669 3552 AEgyptiis,
682 3480 720 3530 ut
730 3466 797 3552 post
810 3466 1011 3553 scaligerum
1024 3479 1058 3531 et
1070 3465 1249 3545 Petaviom,

78 3546 83 3557 ⁹
200 3567 313 3634 docuit
329 3569 478 3634 Corfinus
494 3569 573 3632 Fast.
594 3557 698 3632 Attio.
721 3569 797 3633 Vol.
822 3570 866 3633 ll.
889 3591 922 3656 p.
936 3584 1014 3655 395.
1058 3570 1147 3633 Ante
1162 3561 1248 3633 fores

200 3670 359 3737 domuum
389 3671 517 3737 suerum
545 3670 639 3736 edere
669 3693 734 3734 non
762 3671 824 3736 fuit
856 3671 1020 3760 singularis
1050 3693 1121 3737 mos
1149 3669 1249 3758 hujus

199 3775 280 3855 festi,
295 3774 349 3841 sed
369 3773 552 3840 communie
567 3773 800 3861 AEgyptiorum
815 3773 1037 3839 consuetudoz
1060 3786 1098 3838 ut
1115 3772 1247 3862 colligi·

200 3892 254 3942 tur
272 3900 310 3941 ex
330 3877 500 3942 Herodoto
521 3878 566 3940 ll.
591 3895 642 3960 29.
689 3874 787 3940 Conf.
808 3874 971 3941 Schmidt.
985 3879 1029 3941 V.
1045 3876 1098 3942 Cl.
1117 3878 1170 3942 De
1185 3878 1247 3942 Sa·

198 3980 287 4044 cerd.
304 3982 379 4067 AEg.
397 4003 429 4066 p.
446 3999 520 4066 293.

241 4099 317 4169 353.
334 4085 377 4146 D.
400 4083 595 4168 ἀναλήψομαι]
622 4081 766 4160 tractabo,
783 4081 919 4168 referam.
961 4082 1119 4148 Videatur
1141 4084 1247 4149 nostra

198 4185 368 4251 annotatio
382 4184 422 4248 ad
438 4186 508 4249 Ser.
524 4187 627 4249 Num.
643 4184 741 4250 Vind.
760 4207 792 4271 p.
804 4187 882 4270 558.
898 4189 942 4252 D.

239 4305 316 4377 353.
333 4288 378 4351 D.
400 4287 459 4350 nili
472 4285 626 4374 περίεργον]
653 4287 775 4352 Verum
792 4287 871 4352 vidit
885 4287 1066 4368 Bentleius‚
1079 4286 1248 4376 corrigens

195 4393 249 4456 οὐδ’
268 4391 442 4479 ἀπερίεργον,
463 4413 554 4476 neque
568 4416 588 4453 o
603 4390 766 4476 curiosttatc
779 4390 927 4456 liberum:
951 4390 991 4455 de
1013 4391 1087 4456 cibo
1106 4406 1139 4456 et
1159 4391 1249 4457 vidtu
1308 4420 1311 4424 ⁴
