2714 4770
231 404 267 445 ω
339 443 340 448 r
369 384 411 481 ”z
430 383 479 465 ru
499 382 695 444 amusos
716 383 761 441 ru
782 381 1017 442 enormem
1037 381 1116 440 ms.

271 567 304 632 p.
321 545 395 629 263.
410 545 449 606 E.
468 540 509 606 a'.
523 544 605 630 erupis
620 543 668 606 nai
682 541 792 627 ὕδατος]
818 545 920 608 Varro
934 543 986 606 De
1000 541 1098 627 Ling.
1114 542 1188 605 Lat.
1205 541 1266 605 IV.

228 669 262 734 p.
281 646 336 711 18:
357 645 459 732 Igitur
472 646 571 731 eareffle
586 644 725 732 nascendi
738 641 861 732 duplex,
876 643 956 731 ignis
970 654 998 706 et
1012 666 1104 729 aqua.
1149 640 1218 705 sdeo
1231 665 1268 705 ea

103 766 108 775 ’
210 749 262 812 in
274 746 386 836 nuptiis
401 745 433 810 in
452 744 555 810 limine
574 746 769 826 adhibentur,
791 747 870 834 quod
889 745 1043 834 conjungit
1065 743 1133 809 hic.-
1156 755 1185 807 et
1205 767 1271 808 mas

229 851 322 940 ignis,
343 849 424 938 quod
443 848 485 912 ibi
496 849 621 934 semen:
643 855 736 937 aqua,
746 847 882 936 femina,
904 849 983 935 quod
984 848 1073 934 fetus
1086 847 1147 935 ejus
1156 847 1196 910 ab
1210 847 1268 910 sru-

229 976 318 1031 more‚
327 964 361 1015 et
375 976 473 1015 eonem
481 951 739 1039 junfflionesumit
751 951 863 1015 Venus.-
880 950 935 1015 ubi
947 948 1027 1014 illud
1031 949 1128 1035 sumit
1142 948 1270 1013 fortasse

218 1057 347 1147 steperat
367 1053 418 1119 vel
437 1068 525 1119 certe
542 1052 630 1119 aliud
648 1053 727 1140 quid
743 1053 817 1118 fuit.
861 1053 924 1119 Sed
941 1052 982 1118 de
996 1051 1108 1139 reipsa
1121 1051 1270 1146 consula·

204 1210 209 1221 .
231 1170 284 1222 tur
298 1156 339 1222 ad
353 1156 389 1221 h.
404 1155 427 1219 1.
442 1155 507 1221 Jos.
522 1154 676 1242 Scaliger.
721 1155 813 1220 Idem
835 1156 938 1221 Varro
960 1153 1046 1241 apud
1068 1152 1271 1237 Serviumad

229 1261 308 1325 AEn.
328 1260 388 1323 IV.
405 1260 486 1344 167:
514 1256 611 1323 Varro
632 1257 706 1323 dicit
727 1263 843 1347 “aqua
859 1271 888 1322 et
904 1254 972 1345 igni
984 1255 1086 1335 mariti
1099 1279 1202 1320 uxores
1217 1280 1270 1320 ae·

230 1367 255 1401 “
269 1361 439 1450 cipiebant''
456 1362 541 1435 ¹unde
554 1360 694 1447 hodieque
706 1372 735 1425 et
737 1361 830 1447 faces
845 1359 1025 1449 praelueentz
1041 1370 1069 1422 et
1084 1382 1164 1446 aqua
1175 1359 1272 1447 petita

231 1463 268 1526 de
284 1477 358 1551 puro
369 1462 472 1550 strate,
491 1476 547 1551 per
556 1461 760 1550 felicrfflmum
777 1477 903 1550 puemm
925 1461 1056 1549 aliquem
1074 1469 1128 1525 aut
1137 1460 1272 1548 puellam

231 1563 349 1650 interest
372 1564 497 1653 nuptiis,
525 1552 562 1627 eie
588 1589 648 1652 qua
675 1564 851 1631 nubentibus
875 1562 1015 1651 solebant
1037 1563 1126 1649 pedes
1153 1560 1271 1626 lavari.

233 1665 339 1730 Festus
352 1667 443 1731 Voce
458 1666 560 1730 Faces.
588 1665 761 1761 Brissonius
775 1666 828 1731 De
842 1665 919 1731 Ritu
932 1663 1129 1752 Nuptiarum
1143 1685 1178 1751 p.
1192 1664 1271 1750 328,

233 1766 299 1854 seq.

276 1866 350 1952 263.
365 1868 405 1931 E.
427 1868 459 1930 ri
472 1867 523 1949 pir
537 1865 616 1954 apen
630 1869 704 1947 ieri,
719 1870 752 1932 τὸ
765 1868 793 1931 δί
808 1869 899 1954 timu]
922 1869 973 1934 Ex
994 1866 1161 1934 communi
1179 1864 1272 1930 fonte

233 1969 420 2037 Iatiantius
436 1970 576 2035 Institut.
591 1969 667 2033 Div.
683 1971 728 2035 11.
744 1992 777 2058 9.
793 1989 855 2038 21:
879 1971 964 2059 Ignis
979 1970 1065 2059 quast
1076 1954 1273 2058 messmtinum

233 2070 406 2136 elementum
419 2070 473 2157 est:
495 2095 589 2158 aqnn,
604 2070 691 2159 quest
691 2071 897 2158 femininum:
918 2073 1045 2136 alterum
1060 2070 1206 2151 asinum,
1221 2069 1272 2133 al·

234 2185 329 2237 terum
339 2172 477 2260 patibile.
520 2173 646 2260 Ideoque
660 2198 680 2235 a
693 2173 842 2237 ueteribus
864 2173 1026 2259 irssitutum
1047 2173 1096 2260 est,
1116 2185 1150 2237 ut
1158 2175 1273 2260 sesua·

235 2273 329 2340 me'nto
342 2273 424 2361 ignis
444 2285 472 2337 et
489 2298 579 2363 aqua
594 2275 765 2363 nuptiarum
774 2273 901 2362 jadera
907 2276 1102 2363 seruantur.
1148 2274 1273 2341 Confe-

235 2392 325 2442 ratur
338 2378 442 2441 Varro
456 2375 480 2442 l.
496 2397 528 2440 c.
867 2459 870 2465 y

279 2480 353 2565 263.
368 2481 407 2542 E.
418 2477 463 2542 Ἢ
479 2482 527 2542 οὐκ
541 2467 909 2564 ἀπολειπὼν-ἀλήλοις]
922 2478 1067 2545 ·F0rtaffe
1080 2478 1200 2566 scripfit
1212 2502 1274 2545 au·

237 2579 306 2646 tior
319 2578 350 2657 ἣν
364 2583 413 2643 οὐκ
426 2579 617 2659 manumiss,
628 2591 666 2644 ut
678 2578 719 2644 ad
733 2579 927 2645 antecedens
938 2580 1094 2662 συμβίωσιν
1105 2580 1275 2645 referatur.

236 2684 330 2761 Mox,
351 2680 438 2768 quod
460 2680 641 2770 notavimus
655 2686 719 2768 'pro
738 2679 790 2746 ass
808 2687 896 2745 καλοῦ
916 2684 1025 2765 μηδενὸς
1046 2680 1275 2770 corrigendum

236 2784 297 2849 esse
326 2781 377 2847 seir
405 2782 495 2848 Σίλλου
521 2784 643 2867 μηδενὸς,
674 2770 843 2873 monuerat
871 2779 947 2848 ante
975 2807 1035 2849 nos
1061 2784 1206 2871 Toupius
1234 2782 1290 2848 ad*

235 2886 378 2976 Longin.
392 2909 427 2975 p.
444 2906 517 2974 249.
553 2885 785 2953 Adrationem
801 2885 982 2952 constantia
997 2909 1035 2952 ac
1049 2886 1123 2952 fidei
1136 2886 1277 2974 pertinet

236 2991 343 3056 Festus
359 2994 393 3078 p.
415 3009 497 3071 1402
523 2989 628 3053 Facem
649 2989 681 3052 in
701 2989 817 3077 nuptiis
832 2988 865 3052 in
883 2989 1016 3053 bonorem
1034 2989 1148 3054 Cereris
1161 2988 1276 3076 prafe-

237 3091 362 3171 rebant,'
374 3115 513 3179 aquaque
530 3079 610 3155 moira
623 3103 719 3178 nupta
731 3091 1064 3177 adspergebature'srve
1077 3103 1112 3154 ut
1125 3088 1202 3176 eessta
1215 3107 1275 3179 pu-

236 3217 330 3280 raque
344 3192 389 3256 ed
399 3192 500 3258 viram
513 3192 645 3257 ueniret:
654 3192 726 3278 ſsve
737 3202 773 3255 ut
786 3191 888 3278 ignem
903 3199 992 3280 atque
1003 3216 1114 3280 aquam
1129 3217 1194 3257 erem
1208 3194 1279 3258 viro

103 3347 106 3352 Δ
237 3297 473 3360 communicaret.

281 3398 356 3482 263.
369 3398 404 3460 F.
417 3395 474 3482 β’.]
492 3399 588 3462 Faces
598 3396 630 3461 in
644 3395 779 3484 Nuptiis
792 3396 962 3477 adhibitas,
978 3408 1093 3462 notum
1107 3397 1165 3462 est:
1183 3420 1276 3461 cereos

117 3563 123 3575 ,
238 3499 353 3585 e'osque
379 3521 515 3564 numero
536 3499 665 3587 quinque
685 3499 834 3564 accensos
858 3500 946 3587 apud
966 3499 1091 3580 AEdiles
1113 3521 1197 3565 unus
1219 3498 1276 3564 hic

240 3597 402 3665 Plutarchi
424 3597 515 3663 locus
536 3600 677 3678 testatur,
696 3621 852 3687 magnum
867 3599 997 3664 citantis
1012 3599 1178 3666 autiorem
1191 3600 1277 3664 Var-

238 3719 363 3768 ronem.
409 3700 519 3766 Priscis
531 3700 732 3787 temporibus
751 3701 849 3789 vulgo
863 3701 979 3788 pinea,
993 3701 1123 3789 spinea,
1137 3724 1277 3782 cornea,

238 3819 272 3871 et
292 3802 432 3892 vulgaris
451 3802 533 3891 ligni
553 3805 647 3869 taeda
662 3802 764 3896 fuisse,
776 3823 952 3890 earumque
965 3801 1040 3867 loco
1054 3802 1140 3890 apud
1151 3803 1277 3868 beatio-

237 3926 289 3972 res
303 3906 465 3987 homines,
479 3919 512 3971 et
527 3905 667 3971 successu
681 3903 785 3969 aetatis
796 3904 882 3990 apud
895 3904 974 3969 alios
986 3904 1097 3985 etiam,
1108 3927 1217 3970 cereos
1229 3905 1281 3969 iu-

239 4008 375 4073 valuisse.
420 4010 451 4074 A
468 4007 610 4098 quinque
624 4006 731 4095 pueris
745 4006 832 4072 faces
848 4007 995 4093 praelatas
1010 4008 1218 4093 Dempsterus
1237 4004 1279 4071 ad

240 4110 391 4175 Rossnum
410 4131 444 4197 p.
462 4111 537 4196 436.
561 4109 661 4175 tradit
682 4116 721 4173 e'x
744 4108 900 4174 hocloco
918 4108 1002 4173 male
1017 4107 1171 4193 inspeao.
1218 4108 1279 4173 Pro

238 4209 370 4297 κηρίωνας
393 4209 520 4276 sortasse
547 4210 658 4276 austor
683 4210 801 4295 repressis
825 4208 992 4297 scripserit.
1033 4209 1277 4297 Argumentum

238 4313 493 4381 Arithmeticum
508 4312 550 4383 de
564 4313 710 4401 quinario
724 4334 859 4379 numero
873 4314 907 4378 N
910 4310 1008 4400 uptiis
1027 4332 1185 4399 congruo,
1206 4311 1278 4377 aliis
