2714 4770
245 347 285 406 so
386 344 426 405 D.
447 345 495 404 W.
515 343 714 406 ANIMADV.
734 345 780 404 IN
799 344 1033 406 PLUTARCHI
1052 345 1131 406 1113.

287 507 425 572 Prooem.
444 524 479 592 p.
499 520 576 590 305.
598 505 637 568 Β.
659 503 996 593 εὑρὼν-συμβεβηκότα]
1022 507 1135 591 Inepte
1150 505 1192 570 ad
1206 507 1277 572 l'sn·

243 606 390 688 tentiam,
414 618 448 672 et
469 605 511 671 ad
532 604 805 691 compositionem,
826 606 924 671 etiarn
946 606 967 670 sr
988 605 1119 672 omittas
1140 612 1178 673 τὰ
1200 629 1276 674 cum
1333 676 1338 684 ,

242 708 429 775 Harleiano.
460 709 548 772 Nam
560 708 756 794 propofitum
769 708 895 774 homini
915 720 985 774 erat
1002 709 1164 776 veteribus
1180 709 1276 776 tidem

240 809 411 878 conciliare
432 809 672 895 comparatione
696 832 850 876 novorum
876 834 948 898 quae
972 816 999 875 li
1022 815 1078 886 τοῖς
1102 819 1146 877 ιῦι
1166 813 1277 899 χρόνοις

239 913 326 980 faba
346 912 430 978 sunt.
473 907 576 998 Atqui
596 924 701 978 vetera
716 913 789 978 sunt
804 913 934 978 Graeca:
957 936 1038 979 nova
1051 914 1125 979 sunt
1139 913 1277 987 Romana

238 1036 377 1103 quorum
395 1013 429 1078 in
446 1012 644 1100 temporibus
658 1015 689 1079 se
702 1013 804 1080 vivere
818 1015 930 1103 fingit:
953 1015 1053 1102 igitur
1073 1015 1275 1084 scribendum

238 1113 351 1181 saltem
369 1127 451 1195 erat,
469 1113 549 1203 algle
566 1116 593 1178 δὲ
609 1114 666 1200 ἐγὼ
681 1117 729 1180 καὶ
743 1119 771 1179 ἐν
783 1119 840 1191 τοῖς
855 1123 899 1181 νῦν
918 1118 968 1181 καὶ
983 1120 1148 1199 Ῥωμαϊκοῖς
1164 1117 1276 1205 χρόνοις

237 1216 376 1304 wilra
390 1215 471 1300 ὅμοια
482 1219 539 1293 τοῖς
552 1221 579 1281 ἂν
592 1220 647 1291 τοῖς
662 1217 791 1303 ἀρχαίοις
805 1222 908 1306 καιροῖς
922 1217 1171 1301 συμβεβηκὸσμ.
1209 1219 1274 1285 Sed

236 1319 377 1406 ineptior
389 1319 433 1384 cst
445 1341 542 1407 quam
557 1318 613 1405 qui
625 1318 826 1385 emendetur.
1274 1306 1281 1319 ’

278 1419 319 1488 α’.
338 1443 370 1509 p.
384 1441 460 1507 305.
477 1424 516 1486 B.
538 1421 875 1508 Δάτις-ἐχειροκοπήθη]
901 1423 953 1488 Est
973 1422 1071 1489 etiam
1087 1423 1119 1489 in
1142 1425 1274 1492 Stobaeo

234 1524 344 1592 Floril.
371 1524 437 1589 Tit.
459 1525 538 1588 Vll.
563 1546 597 1610 p.
621 1544 675 1611 91.
702 1523 813 1589 addito
839 1525 1082 1612 Epigrammata
1109 1527 1273 1593 Panteleir

234 1624 430 1713 principium
450 1623 606 1690 diversum
625 1629 740 1712 Δαρεῖος
755 1631 836 1690 ὁτῶν
857 1631 974 1713 Περσῶν
994 1625 1184 1705 βασιλεύς-.
1206 1650 1270 1693 en·

191 1751 193 1755 ¹
233 1741 336 1796 teram
350 1727 534 1793 varietatem
548 1734 613 1792 n'on
628 1727 711 1792 tanti
724 1731 767 1793 est
780 1728 909 1794 referre.
947 1730 1000 1794 De
1015 1728 1192 1816 Cynaegiro
1204 1728 1271 1798 solo

174 1915 178 1923 Ι
234 1829 421 1896 Herodotus
437 1832 498 1895 VI.
520 1849 594 1912 114.
611 1828 652 1894 de
667 1829 867 1897 Callimacho
885 1830 1066 1917 fimpliciter
1078 1831 1269 1918 διαφθείρεται.

233 1934 402 2021 Epizelum
417 1954 475 2019 pro
491 1930 642 2019 Polyzelo
655 1931 744 2019 quod
758 1932 947 2018 interpretes
963 1947 1090 1998 notant.

273 2052 351 2124 305.
366 2036 407 2102 C.
421 2034 596 2122 Ἀσδρούβας
608 2036 665 2120 -]
692 2035 782 2100 Ioco
794 2033 859 2100 fieti
872 2035 1010 2125 exempli
1025 2048 1152 2123 poterat
1165 2035 1269 2105 verius

229 2158 393 2225 apponere
411 2137 598 2202 'Romanum
616 2156 657 2199 ex
673 2134 803 2199 Valerio
819 2135 965 2199 Maximo
978 2137 1041 2200 111.
1058 2155 1090 2216 2,
1108 2156 1148 2204 22
1165 2149 1200 2202 et
1215 2157 1268 2220 24.

232 2238 389 2324 Dionysius
411 2235 529 2301 Siculm
550 2232 745 2321 ablegandus
763 2234 803 2300 ad
822 2235 900 2301 alios
921 2239 962 2304 ab
979 2237 1100 2303 artifice
1115 2237 1212 2326 hujus
1226 2237 1268 2304 li·

231 2340 310 2406 belli
323 2339 413 2405 fletos
433 2337 611 2422 scriptores.
654 2339 818 2422 Amyotus
832 2351 865 2402 et
879 2337 1045 2425 Xylandcr
1058 2338 1269 2405 reddiderunt

231 2441 383 2508 Diodorus
405 2438 519 2504 Siculus
541 2459 580 2502 cx
601 2437 827 2502 emendatione
848 2438 902 2524 ipfi
926 2439 998 2503 suar
1022 2439 1075 2504 hic
1094 2438 1194 2505 etiam
1207 2439 1268 2504 ad·

228 2542 299 2609 dit:
327 2540 407 2628 loqui
431 2551 529 2603 uatem
549 2537 669 2602 videtur
690 2538 727 2601 de
740 2538 861 2603 Metelli
880 2539 1007 2605 villaria
1026 2539 1082 2605 illa
1101 2539 1210 2627 illustri
1229 2543 1267 2606 de

130 2653 132 2659 ’
231 2641 525 2731 Carthaginierfibus
538 2642 571 2706 in
588 2640 692 2706 Sicilia
701 2653 794 2729 parta
808 2644 844 2706 dc
858 2667 918 2729 qua
933 2642 1043 2706 Livius
1050 2643 1101 2708 lid.
1116 2664 1166 2731 19.
1192 2640 1264 2710 Pli-

228 2748 294 2814 nius
313 2748 345 2827 8,
364 2747 397 2810 6.
419 2758 448 2809 et
467 2744 624 2831 Diorpsms
646 2742 750 2808 Halic.
773 2744 826 2809 lib.
848 2764 886 2813 s:
917 2767 1018 2831 eaque
1042 2744 1083 2812 de
1105 2746 1209 2812 caussa
1229 2747 1263 2813 in

229 2852 423 2938 Fragmenta
435 2846 569 2914 Diodori
581 2846 682 2913 Siculi
693 2847 815 2933 recepit
824 2847 1014 2935 Weffeling.
1029 2849 1068 2913 T.
1081 2851 1125 2915 ll.
1141 2872 1175 2937 p.
1187 2851 1262 2932 642.

229 2952 323 3019 nimis
345 2950 440 3017 dotto
461 2965 495 3015 et
516 2950 655 3016 modeste
675 2965 810 3038 agentes
831 2971 907 3015 cum
929 2951 1053 3017 falsario
1074 2951 1206 3019 indocto
1229 2966 1264 3020 et

226 3051 429 3140 impudente.
473 3051 618 3136 Aristides
632 3051 769 3136 Milestus
781 3051 949 3138 aliquoties
964 3051 997 3116 in
1012 3052 1074 3117 hoc
1087 3053 1198 3119 libello
1214 3054 1262 3120 ci·

227 3167 327 3234 tatus,
340 3152 453 3218 eodem
469 3150 689 3216 amandandus
710 3153 772 3216 cst:
796 3153 888 3218 fieus
909 3175 949 3218 ex
969 3151 1106 3220 Aristide
1120 3155 1262 3221 Milefirt·

225 3277 340 3322 corum
362 3254 524 3340 scriptore.
569 3253 708 3332 Μιλήσιος
727 3255 813 3319 abest
829 3255 861 3319 in
878 3255 971 3321 Harl.
988 3256 1021 3321 in
1037 3259 1073 3322 F.
1089 3280 1110 3323 a
1123 3257 1262 3324 recenti·

224 3380 281 3424 ore
295 3378 394 3421 manu
407 3355 566 3421 additum.

266 3458 307 3540 β’.
322 3478 399 3545 305.
413 3459 473 3543 Ι).]
496 3458 653 3524 Fraudem
667 3461 789 3526 notavit
803 3462 1034 3528 Valckenarius
1050 3463 1092 3528 ad
1107 3462 1260 3529 Herodo-
1310 3541 1314 3544 ,

223 3574 296 3629 tum
309 3562 405 3629 Vlll.
423 3578 475 3629 22.
520 3561 633 3626 Graeca
648 3560 807 3628 historiola
823 3565 866 3628 est
885 3563 971 3650 apud
990 3565 1157 3630 Stcbaeum
1180 3562 1261 3629 ibid.

223 3687 257 3754 p.
278 3684 332 3752 91.
352 3662 510 3751 adscripto
531 3661 663 3728 nomine
683 3663 823 3731 auttoris
843 3667 1059 3753 Agatbyrstdae
1078 3666 1174 3731 Samii
1191 3664 1262 3748 ιἰι4

221 3791 320 3832 rerum
341 3765 533 3852 Perstcarum.
577 3764 686 3830 Notus
716 3767 758 3830 cst
783 3768 1027 3855 Agatharchides
1053 3768 1198 3834 Cnidiam
1225 3779 1261 3833 at

224 3869 341 3935 Samius
358 3868 390 3932 in
410 3866 533 3954 Perſscis
551 3890 615 3932 non
633 3866 684 3931 nifi
702 3867 765 3933 hoc
780 3868 853 3934 loco
866 3869 995 3935 citatur.
1043 3871 1160 3935 Samius
1177 3890 1259 3957 eog-

223 3971 354 4037 nomine
369 3970 471 4035 altero
486 3968 555 4056 pari
568 3968 678 4035 libello
692 3971 744 4035 De
758 3970 957 4037 Fluminibus
974 3993 1008 4059 p.
1024 3992 1118 4059 1155.
1136 3975 1172 4038 F.
1187 3994 1259 4038 me·

221 4085 375 4139 moratur.
419 4073 524 4137 Miror
545 4073 705 4137 summum
730 4073 925 4155 Bentleium,
948 4076 1008 4142 hos
1024 4075 1113 4141 locos
1134 4088 1174 4139 ut
1196 4072 1260 4140 tide

220 4174 338 4264 dignos
365 4173 502 4239 attulille
524 4173 567 4239 ad
591 4173 749 4240 Phalarid.
772 4177 810 4241 T.
837 4178 882 4242 ΙΙ.
899 4201 942 4264 p.
969 4180 1040 4245 182.
1084 4178 1138 4244 De
1162 4177 1261 4245 rebus

219 4275 373 4345 Romanis
389 4275 558 4343 Aristidem
573 4275 731 4343 Milefium
742 4277 883 4360 laudare,
895 4279 968 4346 suus
981 4280 1023 4346 est
1035 4279 1159 4346 homini
1172 4301 1261 4347 mos.
