2714 4770
246 386 280 444 ιι
392 386 431 444 u.
452 386 500 444 w,
520 385 717 447 nmunuv.
738 386 783 444 ru
805 378 1039 445 Puuufflcur
1061 340 1139 443 uin.

242 545 380 609 Xerxem
398 544 538 632 pertinet
556 544 698 631 prodidit
715 544 902 610 Herodotus
916 545 995 610 Vll.
1017 545 1072 631 38.
1094 562 1150 629 39.
1195 544 1276 607 Pru-

240 644 384 711 dentiam
405 645 547 711 mulieris
562 646 595 710 in
610 645 750 711 sananda
768 644 875 710 mariti
892 644 1032 724 avaritia,
1046 643 1193 709 neutrius
1213 666 1275 707 no·

241 747 329 812 mine
341 748 497 834 appofito‚
509 749 669 813 rhetorica
682 770 783 835 eaque
794 746 991 834 pereleganti
1002 745 1195 811 Narratione
1206 766 1276 831 per-

240 848 368 913 secutus
386 849 428 913 est
450 826 654 936 Niceplrorus
668 849 816 928 Bafilaca,
832 847 864 913 in
879 847 1046 934 Excerptis
1060 845 1198 933 Sophist.
1212 845 1275 910 Al-

240 947 309 1013 latii
331 972 364 1036 p.
383 971 456 1037 143.
479 953 533 1017 cui
554 951 737 1018 Narrationi
754 950 955 1037 praescriptus
972 950 1016 1014 est
1037 948 1150 1013 titulus
1166 948 1277 1032 Διήγη-

240 1079 296 1135 μα,
312 1052 326 1116 i
340 1055 388 1117 uui
403 1054 592 1141 Πλούταρχος
610 1060 636 1118 ἐν
656 1055 858 1139 Παραλλῆλοις
871 1055 1016 1137 διηγεῖται·
1040 1050 1128 1138 quod
1143 1049 1221 1137 quin
1235 1049 1277 1115 ud

240 1153 328 1220 hunc
351 1156 459 1222 locum
484 1157 699 1236 referendum,
725 1170 759 1220 et
783 1156 986 1242 Παραλλήλοις
1010 1154 1050 1217 ab
1073 1173 1180 1216 errore
1200 1173 1276 1238 pro·

240 1255 362 1322 fean
384 1259 432 1339 fit,
455 1258 595 1325 dubitari
615 1258 738 1346 nequit.
784 1257 947 1322 Caeterum
969 1255 1002 1318 in
1024 1253 1218 1336 historiolam
1235 1252 1276 1318 de
1317 1308 1321 1319 .

242 1358 338 1444 P-ythi
351 1361 468 1427 divitiis
482 1362 602 1449 aliquid
617 1386 656 1427 ex
669 1361 771 1425 Midae
786 1359 894 1425 fabula
908 1357 1025 1423 fluxille
1040 1350 1175 1421 videtur.
1197 1354 1276 1421 Vid.

241 1461 352 1527 Schol.
367 1465 529 1552 Aristoph.
547 1465 631 1529 Plut.
648 1466 722 1548 287.

283 1585 317 1650 p.
335 1568 408 1652 263.
423 1568 466 1631 A.
490 1566 594 1654 Ξέρξου
611 1566 848 1650 καταβαίνοντος.]
876 1567 972 1629 Hanc
988 1575 1111 1651 purtem
1126 1558 1277 1625 Herodo-

240 1676 294 1728 tus
316 1665 383 1731 fuse
404 1683 511 1733 narrat
528 1671 605 1734 Vll.
626 1668 766 1754 27-38‚
781 1667 947 1732 hominem
966 1666 1067 1730 Πύθιον
1087 1664 1274 1728 nominans:

240 1781 278 1832 ut
298 1768 365 1833 fere
384 1770 439 1835 alii
458 1784 493 1835 et
515 1770 634 1836 Plinius
657 1773 701 1835 H.
723 1772 767 1835 N.
789 1770 1024 1853 xxx111.47.
1045 1768 1102 1832 ubi
1120 1764 1276 1831 videndus

240 1871 441 1937 Harduinus.

283 1977 357 2060 263.
373 1977 415 2040 A.
431 1980 554 2061 παρεῖναι
568 1981 616 2052 τῆς
630 1976 794 2063 στρατείας]
809 1979 851 2041 Et
864 1977 1010 2062 Bryanus
1025 1974 1067 2038 ad
1081 1972 1173 2039 Vitas
1188 1973 1274 2038 Plut.

133 2148 139 2156 ,
238 2079 315 2146 Vol.
338 2079 382 2141 Il.
403 2100 436 2164 p.
450 2079 527 2162 564,
542 2078 660 2143 vitium'
670 2078 768 2167 hujus
785 2077 849 2143 loci
862 2075 1097 2157 animadvertit,
1112 2075 1276 2162 corrigens

237 2178 363 2264 παριέναι
377 2183 424 2253 τῆς
437 2179 597 2264 στρατείας·
621 2180 708 2243 verbi
722 2181 859 2243 formam
875 2193 995 2242 temere
1009 2190 1156 2256 mutan83
1180 2175 1275 2262 liqui·

164 2343 169 2356 ,
239 2281 315 2344 dem
340 2284 463 2365 παρεῖναι
486 2294 519 2344 et
540 2281 729 2366 exquisrtum
751 2295 785 2345 et
809 2279 978 2345 Plutarcho
1001 2303 1066 2345 non
1091 2279 1276 2366 infrequens

239 2382 303 2445 est:
327 2381 416 2467 Opp.
436 2383 522 2446 Mor.
543 2402 577 2467 p.
600 2399 673 2467 137.
693 2384 737 2446 D.
763 2399 857 2467 1127.
876 2384 915 2446 B.
938 2383 1006 2447 Vit.
1020 2392 1096 2468 593.
1113 2381 1154 2445 C.
1180 2398 1275 2448 1022.

239 2485 282 2549 A.
308 2486 400 2568 1067.
416 2484 455 2547 B.
500 2482 612 2548 Simile
630 2484 673 2547 est
694 2471 838 2549 Metonis
856 2485 1048 2564 Astronomi,
1063 2478 1207 2571 rogantis
1227 2485 1276 2547 A·

238 2585 420 2650 thenienses
434 2584 480 2650 τόν
494 2587 548 2650 oliv
562 2589 637 2671 αὐτῷ
650 2588 792 2672 παρεθῆναι
813 2593 861 2665 τῆς
881 2585 1042 2674 στρατείας,
1057 2585 1090 2651 ln
1107 2584 1276 2650 Alcibiade

240 2707 315 2756 200.
333 2691 375 2753 A.
480 2732 482 2737 ,

259 2850 262 2855 .
282 2793 357 2877 263.
374 2792 413 2855 B.
433 2793 472 2855 ‘O
495 2791 522 2854 δὲ
544 2786 648 2879 Ξέρξης
669 2794 714 2855 ὑπ’
735 2794 829 2879 ὀργῆς]
854 2794 975 2857 Seneca
992 2793 1044 2856 De
1064 2793 1116 2855 Ira
1136 2792 1199 2854 111.
1222 2807 1274 2874 17.

236 2891 302 2959 hoc
317 2893 439 2959 fabium
452 2914 528 2957 cum
542 2893 633 2957 fimili
646 2893 738 2958 Darii
751 2916 828 2981 erga
841 2893 1007 2959 OEbazum
1022 2892 1109 2980 apud
1123 2891 1276 2958 eumdem

237 2983 445 3062 Herodotum
458 2997 518 3061 lV.
535 2997 588 3077 84.
605 2997 734 3082 prodito
749 3019 956 3083 comparans:
980 2997 1026 3062 At
1038 3009 1149 3085 quanto
1158 2995 1277 3060 Xerxes

225 3097 381 3186 facilior?
401 3099 453 3184 qui
468 3097 585 3180 Pythio,
601 3098 730 3184 quinque
733 3098 874 3185 filiorum
884 3099 980 3186 putri,
994 3099 1083 3163 unius
1093 3098 1277 3162 vacationem

180 3236 183 3248 ι
232 3199 358 3288 petenti,
374 3222 457 3285 quem
476 3197 568 3260 vellet
586 3198 695 3285 eligere
703 3200 856 3288 permisti:
879 3200 985 3263 deinde
998 3225 1081 3288 quem
1097 3200 1227 3288 elegerat
1245 3200 1278 3264 in

232 3313 337 3390 partes
361 3301 437 3364 duas
459 3295 631 3385 distractum'
652 3303 689 3364 ab
712 3312 834 3388 utroque
851 3302 914 3366 oiae
935 3301 1027 3367 latere
1043 3304 1151 3391 pffuit,
1173 3314 1202 3366 et
1221 3305 1279 3366 bac

236 3403 361 3469 vistima
378 3400 519 3488 lustravit
534 3402 701 3468 exercitum.
747 3404 866 3468 Habuit
881 3406 983 3493 itaque
996 3430 1082 3494 quem
1097 3405 1198 3469 debuit
1212 3405 1276 3470 exi·

238 3506 322 3567 tum:
343 3503 442 3568 vibius
456 3516 485 3566 et
498 3503 559 3567 late
576 3503 719 3592 longeque
727 3504 821 3593 jusus
839 3530 876 3569 ac
884 3505 1017 3592 stratam
1032 3505 1142 3594 ubique
1157 3506 1277 3571 ruinam

225 3608 320 3695 suam
336 3628 466 3685 cernens,
482 3605 594 3668 medius
608 3606 686 3669 inter
689 3606 816 3693 suorum
830 3608 984 3671 cadavera
996 3607 1117 3694 inceffit.

282 3706 358 3793 263.
375 3707 413 3770 B.
431 3705 545 3771 θάνατον
559 3709 693 3790 ἐφοβεῖτο,
708 3713 748 3793 τῷ
762 3707 816 3794 βίῳ
829 3709 857 3772 δὲ
871 3709 985 3794 ἤχθετο]
1004 3709 1101 3775 Plena
1113 3709 1280 3798 gravitatis

238 3821 274 3874 et
292 3806 436 3874 veritatis
457 3806 601 3871 notatio:
625 3830 766 3894 quacum
780 3809 919 3874 conferri
933 3823 1075 3877 meretur
1088 3811 1205 3877 nobilis
1223 3810 1278 3875 ille

237 3911 331 3977 locus
351 3908 577 3997 Xenophontis
591 3909 624 3974 in
648 3910 822 3999 Cyropaed.
842 3914 885 3978 V.
909 3934 942 3999 p.
967 3916 1047 3979 116:
1070 3907 1124 3978 inl
1137 3916 1200 3998 μὲν,
1217 3914 1279 3997 ἔφη,

170 4051 175 4057 ·
237 4021 262 4079 ol
280 4021 395 4077 τοιοῦτοι
416 4010 561 4099 μοχθηροί·
585 4011 674 4098 διόπερ
696 4012 784 4096 olunt,
806 4014 854 4076 nul
873 4012 1002 4100 εὔχονται
1016 4017 1068 4098 μὲν
1081 4019 1124 4080 ἀεὶ
1138 4019 1174 4091 ὥς
1187 4015 1278 4080 ἄθλιοι

238 4114 311 4191 ὄντος
326 4114 475 4177 ἀποθανεῖν·
491 4111 594 4200 μυρίαν
608 4117 628 4176 δ’
646 4119 731 4180 οὐσῶν
743 4123 879 4203 μηχανῶν
891 4121 1064 4202 ἂταλλαγῇς
1078 4125 1126 4182 τοῦ
1139 4117 1214 4199 βίον,
1228 4122 1278 4182 οὐκ

186 4246 188 4250 ·
238 4216 481 4282 ἀπαλλάττονται.
708 4226 711 4230 ’

283 4321 358 4404 263.
373 4318 629 4405 Ellotmns‘mr]
656 4320 756 4385 Hunc
777 4319 909 4386 fluvium
932 4319 1084 4387 eumdem
1104 4319 1203 4386 videri
1217 4319 1278 4385 else
1301 4403 1305 4408 ι

73 4450 108 4497 h·
173 4468 176 4474 ,
209 4451 227 4462 ,.
