2714 4770
260 332 298 401 62
401 332 511 392 D..W.
531 332 726 393 ANIMADV.
747 333 792 391 IN
813 329 1048 391 PLUTARCHI
1068 331 1146 390 LIB.

301 513 336 578 p.
353 510 427 578 293.
442 492 486 556 A.
503 489 549 575 r'.]
564 491 742 580 Hesychius
756 491 789 555 in
804 493 886 556 Voc.
903 490 1067 573 ΦοΕῙμηλο.

301 614 374 681 293.
391 595 434 658 Α.
448 592 512 678 rost]
531 592 773 660 Corinthiorum
789 593 923 658 coloniae
939 593 1115 683 Corcyram
1130 591 1291 674 dedudiae,

256 696 457 764 conditorem
482 696 623 783 produnt
652 696 872 783 Cherstcrotem:
906 695 1093 761 Scholiastes
1121 694 1291 781 Apollonii

256 799 374 867 Rhodii
396 800 455 864 lV.
480 818 572 866 1212.
594 813 628 865 et
650 801 765 864 Strabo
782 800 842 862 VI.
864 820 897 885 p.
916 818 992 880 414.
1014 797 1070 863 ubi
1090 798 1176 862 varia
1194 796 1290 864 lectio

254 912 385 965 notatur
407 901 603 988 Χεςαοκρᾶτεο·
628 924 766 988 quorum
788 901 956 965 nominum
979 898 1209 986 quodcumque
1236 922 1288 965 ve·

252 1023 324 1067 rum
339 1003 386 1080 sat,
401 1016 487 1066 certe
501 1001 587 1066 idem
602 1003 701 1069 homo
716 1002 909 1089 fignificatur
923 1025 942 1065 a
957 1000 1140 1079 Plutarcho,
1158 1001 1288 1067 nomine

120 1158 125 1173 .
255 1102 447 1169 Oboricratis.
476 1104 528 1169 Illi
545 1105 687 1171 Colchos
701 1128 787 1185 eum,
801 1118 857 1170 aut
872 1104 1033 1170 Liburnos
1048 1103 1122 1169 inde
1137 1103 1289 1190 expulisse

251 1203 414 1271 scribunt:
434 1206 475 1271 de
489 1202 716 1274 Eretrienlibus
732 1220 852 1273 tacent.
896 1209 968 1272 Hos
983 1221 1089 1271 tamen
1105 1206 1290 1299 Methonen¹

250 1304 284 1371 in
295 1306 489 1373 Macedonia
499 1308 682 1390 condidisse,
698 1310 805 1397 postea
821 1308 958 1395 Philippi
972 1306 1133 1372 obfidione
1148 1305 1288 1371 celebra-

195 1492 198 1499 <
250 1420 330 1487 tam,
352 1409 448 1473 refert
468 1410 652 1475 Eustathius
670 1411 712 1476 ad
733 1410 824 1475 Iliad.
844 1414 881 1473 B.
898 1431 931 1496 p.
945 1410 1021 1494 328.
1065 1409 1118 1473 De
1133 1408 1285 1497 Corcyra

252 1507 493 1575 Corinthiorum
509 1511 645 1576 coloniae
660 1511 758 1577 initiis
772 1534 875 1598 nuper
889 1510 957 1598 egit
970 1508 1193 1574 eruditiffimus
1209 1512 1286 1575 Iar·

248 1609 363 1677 cherus
383 1611 425 1676 ad
447 1613 651 1680 Herodotum
673 1615 736 1678 III.
752 1633 807 1698 49.
821 1615 918 1678 Tom.
937 1612 998 1677 ΙΙΙ.
1013 1634 1046 1699 p.
1062 1630 1138 1697 320.
1154 1612 1233 1676 VII.
1248 1634 1283 1699 p.

291 1834 366 1903 293.
379 1817 418 1882 Β.
436 1815 498 1905 οβ’.]
524 1819 672 1904 Σεπτήριον
694 1841 758 1883 non
781 1818 911 1905 quidem
930 1817 1044 1883 eodem
1064 1815 1208 1896 nomine,
1230 1816 1282 1882 sed

245 1919 342 1983 rebus
356 1930 390 1984 et
403 1933 595 2007 argumento
611 1920 803 2007 fignificatnr
816 1942 835 1984 a
850 1918 1021 1983 Plutarcho
1034 1921 1085 1983 De
1099 1919 1194 1982 Orac.
1211 1919 1281 1982 De·

246 2017 322 2083 fect.
337 2040 370 2105 p.
381 2022 457 2102 418.
470 2023 514 2086 A.
535 2023 589 2087 De
602 2022 735 2096 Mufica,
747 2043 781 2107 p.
796 2023 889 2106 1136.
901 2021 945 2085 A.
971 2019 1098 2083 AEliano
1109 2020 1186 2082 Var.
1200 2019 1282 2083 Hist.

247 2118 310 2185 111.
336 2141 365 2186 1.
401 2123 456 2187 Ad
476 2124 638 2210 Apollinis
662 2147 699 2188 ac
725 2122 880 2211 Pythonis
902 2134 1063 2187 certamen
1085 2120 1283 2213 referebatur

247 2221 375 2309 Pythici
389 2227 502 2288 cantus
517 2224 645 2303 modus,
661 2224 736 2289 teste
752 2225 908 2288 Strabone
923 2224 984 2287 IX.
999 2244 1032 2308 p.
1048 2224 1123 2306 645.
1139 2221 1178 2285 Β.
1207 2222 1281 2286 Pol·

245 2321 318 2388 luce
338 2324 398 2389 IV.
415 2325 468 2407 84.
511 2328 554 2391 Et
575 2326 703 2412 quando
725 2324 757 2388 in
779 2324 842 2389 hoc
866 2325 941 2388 festo
963 2325 995 2389 in
1018 2324 1128 2411 primis
1150 2323 1283 2390 victoria

243 2423 405 2511 Apollinis
432 2439 466 2490 et
492 2425 598 2491 laurea
625 2449 745 2492 corona
772 2425 1003 2506 celebrabatur,
1032 2425 1118 2490 haud
1144 2424 1281 2490 absurda

244 2524 340 2612 plane
353 2525 502 2592 habenda
516 2528 552 2592 srt
572 2528 666 2593 lectio
688 2551 783 2616 quam
807 2528 911 2614 priore
932 2527 1006 2593 loco
1027 2527 1105 2592 Ald.
1126 2529 1165 2590 E.
1189 2528 1278 2593 Vols.

245 2630 280 2694 P.
303 2629 471 2717 posteriore
497 2629 601 2695 rursus
626 2631 714 2698 Vols.
739 2630 880 2712 exbibet,
905 2632 1075 2717 στιπτῆροοο.
1120 2631 1280 2696 Meursrus

243 2729 374 2818 quidem
396 2730 428 2796 in
451 2732 577 2798 Graecia
599 2733 721 2798 Periata
734 2734 795 2798 VI.
812 2755 845 2820 p.
862 2753 935 2819 252.
957 2756 997 2798 ex
1015 2732 1181 2820 Hesychio
1199 2732 1281 2799 citat

242 2831 396 2921 Σοπηρία,
411 2833 559 2924 καθαρμός·
578 2858 675 2922 quem
686 2836 793 2902 locum
806 2835 837 2899 in
851 2835 991 2900 editione
1006 2835 1195 2900 Albertiana
1210 2837 1279 2902 fru-

133 3020 137 3029 .
242 2937 301 3003 stra
313 2937 522 3024 quaefivimus.
551 2939 696 3003 Similem
711 2937 880 3027 lvrrarnplla
892 2938 1061 3003 Tbebanos
1072 2938 1105 3002 in
1118 2928 1280 3008 honorem

240 3037 401 3124 Apollinis
414 3039 521 3124 egisse,
539 3038 636 3104 refert
652 3040 781 3104 Proclus
796 3039 829 3103 in
843 3039 1081 3104 Chrestomath.
1097 3060 1129 3126 p.
1144 3055 1222 3126 347.

285 3157 358 3224 293.
375 3142 410 3203 F.
428 3138 491 3225 ογ’.]
517 3141 603 3206 Dedi
626 3145 652 3204 is
670 3144 697 3204 ll
717 3140 805 3229 κῖῤῥῃ,
823 3164 862 3206 ex
875 3145 915 3220 E,
933 3144 978 3221 H,
993 3144 1078 3206 Ven.
1093 3142 1181 3206 Voss.
1196 3142 1276 3231 Xyl.

239 3259 299 3326 pro
314 3243 341 3301 lv
355 3238 410 3302 δίον
422 3240 667 3328 κ1ρῤῃ-Ροιτῑειῃ
682 3240 779 3328 hujus
793 3241 929 3306 historiae
943 3242 1069 3308 iteravit
1084 3241 1277 3309 Plutarchus

100 3426 111 3441 .
239 3341 358 3430 Quaest.
372 3341 429 3406 Gr.
441 3341 497 3416 x5'.
511 3364 544 3429 p.
558 3359 631 3428 297.
643 3345 682 3409 B.
704 3343 864 3432 Quaedam
880 3344 1058 3445 attigerunt
1071 3344 1140 3411 alii:
1158 3345 1276 3412 Strabo

239 3443 268 3508 1.
281 3464 315 3532 p.
334 3456 406 3529 105.
421 3443 468 3510 B:
493 3445 541 3508 κοιὶ
562 3448 697 3520 Alveria,
716 3452 741 3509 cl
759 3452 803 3509 νῦν
822 3449 957 3521 Αἰτωλοῖς
975 3444 1067 3534 i'popos
1086 3448 1145 3533 περὶ
1160 3449 1191 3511 ri
1206 3449 1274 3510 Aa·

237 3572 294 3610 ror
315 3543 409 3632 ᾤκουν·
432 3545 571 3634 indeque
584 3561 618 3613 et
631 3546 832 3612 Athamanes
845 3568 865 3610 a
880 3547 1028 3633 Lapithis
1046 3547 1164 3634 expulfi
1186 3547 1275 3629 sunt,

238 3648 300 3713 IX.
322 3670 356 3735 p.
380 3650 454 3732 674.
474 3649 516 3714 C.
540 3652 615 3735 675.
636 3651 681 3716 A.
718 3648 874 3714 Cellarius
893 3651 1015 3736 Geogr.
1036 3651 1119 3715 Ant.
1137 3651 1176 3715 T.
1193 3653 1221 3716 Ι.
1237 3674 1274 3738 p.

239 3764 313 3834 704.
352 3752 390 3815 In
404 3753 451 3814 nal
466 3752 614 3837 προσαίτης
627 3749 674 3830 clv,
690 3749 801 3816 malim
817 3754 853 3826 ὥς
866 3778 899 3814 π.
915 3750 961 3815 ὧν.
994 3750 1105 3817 Diffio
1120 3753 1276 3839 exquifita

238 3853 381 3935 οὖξάμεοος
404 3856 444 3938 τῷ
465 3852 625 3917 Ἀπόλλωνι
652 3855 711 3917 καθ’
735 3853 903 3935 ἑκατόμβης,
927 3853 1068 3943 Apollini
1090 3854 1276 3920 hecatomben

236 3953 339 4017 vovit:
362 3955 401 4018 lic
416 3953 606 4018 Plutarchus
622 3952 654 4017 in
671 3952 769 4018 Paulo
784 3953 897 4019 AEmil.
913 3976 945 4041 p.
963 3958 1035 4037 264.
1052 3954 1101 4020 C:
1125 3954 1275 4039 εὐξάμενος

236 4053 281 4118 οὖν
303 4060 378 4119 κατὰ
395 4058 467 4136 βοῶν
484 4055 582 4121 ἕκατον
602 4058 649 4120 καὶ
668 4060 775 4142 ἀγῶνος
789 4061 857 4143 ἱεροῦ
873 4064 912 4143 τῷ
926 4052 995 4144 θεῷ.
1023 4057 1129 4123 Mario
1143 4081 1177 4146 p.
1191 4078 1270 4140 420.

130 4229 145 4255 Ι
237 4156 286 4222 C:
309 4155 453 4238 νιψάμενος
474 4159 584 4244 Μοίριος
601 4161 653 4234 τοὶς
670 4162 770 4246 χεῖρας
789 4159 837 4222 καὶ
856 4162 921 4246 πρὸς
934 4158 980 4224 riv
993 4161 1101 4243 οὐρανὸν
1120 4159 1270 4246 ἀνασχὼν,

235 4256 331 4338 adfare
343 4260 398 4332 τοῖς
412 4259 474 4333 θοοῖς
488 4262 564 4323 κατὰ
577 4258 745 4343 ἑκατόμβης.
778 4258 929 4325 Aristides
942 4260 975 4325 in
992 4260 1129 4326 laudnt.
1142 4264 1268 4344 Romae,
