2714 4770
150 315 207 392 '136
286 317 326 380 D..
346 315 396 374 W.
417 314 682 374 ANIMADV.1N
701 313 940 375 toutonem
961 313 1041 373 LlB.

147 474 224 541 clari
244 474 374 542 merint.
418 473 590 541 Omittitur
610 473 722 554 Solon,
745 474 786 540 de
808 496 886 562 quo,
909 486 948 539 ut
968 472 1010 538 de
1030 483 1103 538 toto
1120 469 1185 536 hoc

146 599 277 665 genere,
301 577 385 643 reste
402 574 530 663 judicat
551 572 667 642 Cicero
689 575 755 642 Off.
779 579 806 642 1.
830 596 891 644 22:
917 576 979 641 Sed
990 581 1081 663 quom
1089 571 1186 662 pleri·

147 704 203 769 que
223 679 403 744 arbitrentur
419 701 464 742 res
479 676 600 743 bellicas
614 678 737 767 mczj'ores
750 680 804 767 effe
817 703 906 766 quam
927 675 1168 758 urbanae‚rnirrrr

148 781 225 846 enda
239 780 349 868 esthaec
365 781 471 870 opinio.
475 781 667 868 -Quamvis
686 782 762 846 enim
778 779 1007 865 Themistocles
984 804 1059 868 jure
1080 777 1186 844 taete-

149 895 211 964 tur‚
226 885 342 970 etstt
316 909 376 974 qus
391 909 506 964 nomen,
528 911 617 975 quam
639 884 764 967 Solonis,
778 885 804 950 il
802 883 931 971 lustrius,
947 883 1109 971 citcturque
1128 880 1188 946 So·

150 985 237 1050 lamis
250 985 416 1073 clarffmae
434 986 509 1070 restis
523 987 669 1068 vitioriae,
684 1011 755 1076 quae
768 997 962 1075 anteponatur
976 983 1089 1070 confilio
1105 981 1189 1048 Solo·

99 1097 110 1113 '
150 1086 199 1153 rtis
212 1088 249 1169 ei,
265 1113 319 1176 quo
329 1089 457 1176 primum
472 1088 615 1176 corstituit
627 1089 826 1178 Areopagitas
831 1114 844 1169 ,·
865 1112 924 1153 non
944 1088 1040 1152 minus
1056 1084 1190 1175 pracla-

151 1214 218 1255 rum
239 1193 289 1256 boc
305 1217 393 1280 quarn
412 1191 493 1257 illud
501 1194 705 1281 judicandum
722 1192 770 1280 est.
815 1191 902 1257 Illud
918 1193 993 1256 enim
1005 1188 1104 1279 semel
1120 1203 1190 1277 pro·

139 1291 223 1381 fuit,
238 1295 289 1358 boc
290 1296 409 1384 semper
417 1296 549 1384 proderit
567 1296 695 1361 civitati.
742 1295 811 1362 Hoc
831 1294 943 1382 corfilio
963 1292 1043 1381 leger
1059 1292 1192 1358 Atheni·

152 1395 271 1480 cuſsum,
297 1398 348 1462 boc
376 1399 518 1485 majorum
546 1398 680 1484 instituta
697 1399 878 1487 servantur.
922 1397 968 1461 Et
995 1393 1191 1481 Themssocler

8 1556 12 1563 .
153 1497 269 1586 quidem
283 1499 360 1563 nibil
377 1501 485 1565 dixerit
501 1500 532 1564 irc
547 1525 602 1589 quo
616 1502 675 1589 ipsu
688 1502 878 1590 Areopagum
900 1499 1071 1589 arsy‘uverit:
1093 1509 1128 1561 at
1141 1495 1193 1561 ille

64 1668 66 1673 ,
99 1691 101 1695 y
131 1623 233 1681 ‚vera
255 1601 295 1665 ab
306 1602 344 1689 se
367 1604 503 1692 adjutum
526 1602 747 1687 Theruistoclem.
791 1604 848 1692 Est
868 1603 943 1668 enirn
956 1600 1062 1667 bellura
1082 1598 1193 1690 gestum

154 1703 267 1791 caryilio
283 1704 411 1771 Senatus
425 1707 485 1795 q'us
497 1707 548 1796 qui
563 1732 583 1771 a
598 1706 699 1772 Solone
713 1719 777 1772 erat
791 1705 967 1794 corstitutus.
982 1760 986 1764 .
1006 1704 1070 1770 Sed
1087 1716 1193 1771 totum

155 1805 219 1871 hoc
241 1820 274 1872 et
296 1809 479 1895 proximum
501 1823 599 1897 caput
619 1809 793 1898 legendum
808 1810 861 1874 est.
904 1808 1097 1875 Plutarchus
1110 1829 1193 1894 pne·

118 1933 120 1935 ·
154 1919 243 1973 terea
266 1909 370 1975 omifit
399 1909 648 1998 Philosophiam,
674 1911 795 1976 donum
826 1910 973 1991 deorum,
1000 1908 1193 1976 medicinam

155 2009 350 2092 animorum,
376 2011 469 2101 cujus
494 2014 697 2080 Athenarum
726 2014 804 2080 urbs
828 2036 941 2101 parens
965 2026 999 2078 et
1024 2011 1134 2077 nutrix
1155 2010 1196 2076 ad

155 2132 253 2176 omne
275 2109 377 2179 aevuni
401 2116 590 2182 celebratur.
633 2116 785 2204 Denique
802 2116 836 2181 in
853 2115 927 2181 loco
949 2114 990 2180 de
1005 2114 1196 2181 Oratoribus

155 2214 356 2302 expromitur
373 2216 490 2283 callida
507 2232 541 2284 et
556 2241 656 2306 prope
672 2218 815 2307 maligna
835 2218 932 2284 irrisio
954 2217 986 2282 in
1010 2217 1197 2295 Isocratem,

157 2337 217 2380 uec
241 2317 345 2382 multo
364 2317 467 2383 lenior
487 2317 520 2384 in
543 2321 814 2386 Demosthenem:
844 2333 932 2386 certe
953 2317 1141 2407 periniquar
1161 2319 1196 2385 fi-

157 2418 288 2506 quidem
315 2434 348 2486 ct
374 2421 430 2487 ille
451 2421 586 2510 juvenes
616 2422 827 2488 saluberrimis
851 2421 1032 2508 praeceptis·
1048 2421 1090 2487 ad
1115 2421 1196 2509 reip.

158 2521 382 2588 traciationem
398 2536 432 2588 et
446 2546 543 2589 omne
557 2524 682 2590 virtutis
699 2524 836 2590 studium
855 2524 1014 2589 instruxit:
1038 2523 1093 2589 hic
1109 2523 1197 2589 mul·

157 2636 207 2688 tas
229 2624 309 2711 reip.
331 2639 438 2712 partes
453 2626 531 2714 'ipse
554 2628 658 2715 gessit,
685 2642 718 2693 et
742 2626 875 2714 optimis
901 2626 1037 2691 consiliis
1062 2626 1198 2713 patriam

157 2727 304 2793 adversus
320 2728 517 2795 Macedones
531 2743 654 2796 tutatus
667 2732 728 2796 esi:
746 2743 882 2817 uterque
896 2730 978 2795 cives
993 2729 1034 2794 ad
1049 2729 1197 2794 bellicam

156 2829 295 2918 gloriam
310 2845 344 2897 et
354 2831 536 2898 libertatem
551 2832 648 2898 armis
662 2832 885 2909 vindicandam
909 2831 1065 2897 incitavit.
1110 2833 1199 2918 Ergo

158 2932 349 3001 Plutarchus
365 2935 419 3000 nisi
434 2935 512 3001 fecit
526 2935 621 3000 aliam
641 2959 770 3023 quoque
787 2935 1055 3001 declamationem
1069 2933 1103 2999 in
1119 2955 1200 2999 con·

102 3031 108 3041 ’
158 3035 288 3101 trariam
315 3052 452 3124 partem,
474 3052 532 3103 aut
555 3038 609 3103 nili
634 3038 739 3103 locis
761 3038 853 3103 nobis
879 3036 1044 3103 desiderati
1069 3059 1110 3101 ex
1135 3036 1199 3101 hoc

13 3186 16 3194 .
157 3135 269 3202 libello
297 3138 515 3219 exciderunt3-
535 3152 629 3231 certe,
652 3141 811 3226 proposito
836 3138 892 3203 suo
917 3137 1055 3202 nimium
1083 3136 1199 3202 serviit.
1226 3156 1245 3172 ‘

159 3238 247 3302 Nam
269 3239 289 3302 si
311 3239 487 3326 quaerimus
506 3239 584 3327 quid
606 3240 718 3323 ἔνδοξον,
732 3239 901 3329 gloriosum,
921 3241 968 3320 fit,
989 3252 1101 3316 utrum
1121 3239 1203 3305 veri-

159 3351 227 3403 tate
249 3351 283 3403 et
304 3339 479 3421 honestate,
507 3362 548 3405 an
575 3341 728 3428 opinione
753 3342 852 3431 vulgi,
884 3341 1105 3407 aestimandum
1112 3365 1123 3422 3
1150 3343 1202 3425 (ut

160 3440 320 3529 Epicurus
340 3442 459 3524 statuit,
475 3465 527 3531 ap.
543 3444 615 3509 Cic.
633 3445 703 3510 lin.
721 3447 765 3510 ll.
784 3451 849 3531 15.)
872 3457 960 3509 certe
979 3444 1069 3530 prius
1088 3464 1204 3509 omnes

161 3547 351 3611 tuebuntur.
396 3550 450 3613 An
470 3548 571 3638 igitur
590 3548 743 3636 sapientia
760 3549 855 3615 cedet
876 3547 1071 3628 fortitudini,
1087 3546 1141 3612 cui
1163 3569 1204 3612 ne

160 3647 290 3713 existere
308 3649 439 3735 quidem
463 3651 526 3715 fine
549 3649 604 3715 illa
624 3651 736 3716 datum
758 3652 818 3716 est?
843 3653 914 3716 Aut
935 3651 1081 3714 dicamus
1103 3649 1205 3728 ἔνδοξον
1256 3690 1259 3697 ,

161 3750 221 3816 esse
242 3750 330 3839 quod
347 3751 433 3816 fama
447 3752 628 3818 celebretur
642 3766 676 3817 et
690 3751 862 3818 laudetur?
889 3754 942 3818 An
958 3751 1059 3840 igitur
1072 3767 1204 3838 tempo·

160 3876 232 3917 rum
256 3854 468 3942 locorumque
490 3854 592 3943 spatio
614 3855 683 3920 laus
703 3855 949 3921 Athenienfium
970 3854 1087 3931 bellica
1109 3853 1207 3920 latius

162 3954 280 4040 patuit,
304 3979 400 4045 quam
427 3957 497 4021 laus
523 3956 699 4022 doctrine?
731 3960 806 4022 Hoc
833 3981 929 4023 nemo
952 3979 1059 4021 rerum
1083 3956 1207 4043 peritus

103 4052 109 4071 ²
163 4056 289 4123 dixerit.
335 4060 399 4125 Sed
421 4060 519 4126 credo
537 4059 571 4124 in
592 4059 646 4124 illa
665 4082 742 4148 erga
759 4061 926 4147 scriptores
942 4058 1112 4146 iniquitate
1134 4059 1206 4144 spe·

162 4158 246 4222 ciem
268 4161 428 4246 aequitatis
450 4161 649 4228 cmrseslatus
671 4163 725 4242 est,
741 4163 796 4250 qui
810 4163 877 4249 ipsc
892 4163 1027 4248 scriptor
1041 4174 1077 4225 ct
1090 4157 1206 4226 doctus

66 4264 69 4280 ¹
163 4274 196 4328 et
219 4261 342 4345 doslor,
361 4264 392 4330 se
412 4287 476 4330 non
497 4265 543 4331 sui
558 4264 649 4332 studii
665 4288 774 4333 amore
787 4265 904 4332 auferri
919 4265 1032 4349 siverit,
1045 4264 1099 4331 sed
1114 4265 1205 4332 suam
