2714 4770
237 421 277 484 54
376 390 417 461 n.
437 401 485 460 w.
506 400 703 461 snmsnv.
724 401 768 459 m
789 399 1021 473 summanr
1042 400 1120 460 um.

237 561 378 649 anian,
395 561 497 648 πυρά.
540 559 686 625 Valerius
707 560 798 625 Max.
813 562 1006 648 Fragmenta
1019 560 1072 624 De
1084 557 1268 624 Nominum

235 666 371 745 ratione,
387 663 489 753 Spurii
497 675 586 751 patre
599 663 702 727 incerto
712 662 818 750 geniti,
834 665 918 752 quast
929 661 1035 748 πόροι.
1068 659 1270 726 Modestinus

237 767 340 856 Digg.
356 770 385 833 I.
397 782 430 854 5,
442 787 480 854 23
490 765 636 855 ·-spurii
655 764 844 855 appellantur
856 769 933 853 rapui
947 769 994 842 τὴν
1007 767 1125 853 σπορὰν,
1139 763 1174 828 id
1186 763 1235 848 al,
1250 788 1271 827 a

227 870 356 959 stationae.
391 868 584 936 lastinianus
599 868 738 932 Institut.
755 870 782 932 I.
799 888 850 947 ιο,
868 887 918 935 12.
945 866 1117 933 Addantur
1128 865 1274 954 Scaliger

237 973 277 1037 ad
301 972 426 1036 Festum
445 972 528 1036 Voc.
546 970 686 1049 Nathan,
703 969 759 1057 qui
777 969 865 1035 haud
878 970 942 1034 scio
960 993 1000 1034 an
1015 983 1136 1034 temere
1149 968 1183 1033 in
1198 993 1272 1032 aro·
1298 973 1303 984 “

236 1072 307 1160 plna
328 1073 397 1147 υἱοὺς
418 1080 562 1152 καλοῦσιν,
580 1071 668 1158 quod
688 1072 731 1135 est
751 1071 845 1136 initio
866 1071 962 1158 hujus
983 1067 1185 1158 Quaestionis,
1204 1069 1274 1144 υέοὺς

144 1175 148 1183 ’
238 1176 381 1242 deletum
402 1175 491 1241 vult:
521 1175 695 1262 Menagius
719 1174 878 1241 Amoenit.
899 1174 967 1242 Jur.
991 1172 1084 1237 Civil.
1110 1172 1272 1236 XXXIX.

238 1276 446 1343 Plutarchum
470 1274 707 1363 reprehendens
730 1275 772 1341 de
795 1279 896 1340 ΣΙΝΕ
920 1271 1074 1339 ΠΑΤΡΙΣ
1093 1295 1152 1360 pro
1170 1271 1274 1339 ΣΙΝΕ

238 1384 395 1445 ΠΑΤΡΕε
419 1377 508 1465 quod
529 1377 579 1442 vel
601 1377 772 1443 Plutarcho
793 1375 952 1455 ercidiffe,
971 1374 1020 1440 vel
1037 1398 1056 1440 a
1071 1373 1200 1440 librario
1219 1394 1273 1439 ve·

239 1479 315 1546 niffe
329 1480 448 1568 potuit.
464 1479 630 1545 Voffianus
645 1479 726 1544 liber
739 1481 832 1566 supra
843 1478 885 1548 ΙΣ
898 1479 997 1544 habet
1012 1476 1165 1563 scriptum
1176 1477 1224 1543 Er
1240 1488 1276 1541 et

238 1584 330 1649 Mea.
345 1581 510 1666 annotavit
524 1582 644 1646 retiam
661 1581 860 1669 scripturam.

283 1686 355 1752 288.
371 1688 406 1751 F.
419 1683 485 1772 pt]
505 1683 694 1749 Plutarchus
708 1683 855 1772 Sympos.
870 1683 948 1748 VII.
964 1704 996 1769 p.
1011 1682 1136 1768 716.B.
1167 1680 1276 1746 Festus
1326 1667 1328 1673 ⁵

238 1810 272 1878 p.
295 1809 377 1872 204:
409 1788 501 1852 Liber
522 1795 649 1876 reperior
671 1788 738 1853 vini
762 1788 824 1851 ideo
839 1787 887 1870 ſse
906 1785 1086 1875 appellatur,
1105 1786 1183 1874 quod
1202 1784 1276 1848 uiuo

237 1893 328 1958 nimio
352 1894 398 1987 usi
421 1891 509 1956 libere
535 1890 707 1981 loquantur.
751 1889 933 1954 Alexander
962 1887 1154 1974 intelligitur
1177 1884 1275 1972 Poly·

141 1989 145 1996 *
238 1996 354 2061 histor:
375 1996 469 2074 λοιβὴν
483 1992 682 2059 reddendum
697 2005 765 2058 erat
779 1991 965 2057 libationem:
982 1992 1059 2056 item
1073 1987 1277 2054 scribendum

240 2098 384 2176 Διονύσου,
404 2095 491 2182 quod
511 2117 624 2161 omnes
644 2089 717 2159 libri
739 2094 837 2159 dant:
861 2117 926 2158 non
942 2093 1092 2169 American.
1138 2090 1277 2156 Fortasse

239 2197 337 2262 ¹etiam
359 2196 586 2284 corrigendum
609 2197 663 2259 ἀπὸ
686 2202 735 2259 τοῦ
756 2198 833 2279 nupal
855 2197 1277 2282 Ἐλευθεςὰς-προσαγορευο·

159 2374 160 2378 ¹
239 2299 331 2382 μένου,
351 2299 389 2362 ab
410 2323 452 2378 eo,
471 2300 549 2387 quod
564 2321 665 2362 nomen
680 2297 765 2360 habet
777 2297 815 2360 ab
828 2295 999 2360 Eleutheris
1013 2296 1141 2360 Boeotioe
1154 2294 1280 2384 oppido:

240 2412 274 2464 et
288 2397 466 2486 praepofitio
485 2403 563 2484 rapat
583 2399 623 2462 src
643 2397 821 2483 usurpatur,
839 2411 874 2460 et
890 2420 1006 2462 nomen
1020 2395 1133 2484 oppidi
1146 2397 1190 2460 est
1201 2395 1276 2482 plu-

240 2500 306 2568 rale
323 2499 495 2587 ’Emutrpal
519 2499 605 2586 apud
620 2498 803 2564 Pausaniam
821 2501 850 2564 I.
863 2499 917 2585 38.
933 2521 967 2586 p.
983 2519 1036 2586 93.
1073 2497 1277 2584 Stephanum

241 2605 323 2692 Byz.
340 2603 373 2668 in
388 2604 491 2669 Voce.
862 2658 867 2664 .
1095 2682 1098 2688 Ι

283 2728 316 2793 p.
334 2706 407 2793 289.
422 2707 466 2771 A.
481 2704 544 2792 pass]
568 2706 667 2770 Hunc
682 2728 803 2771 morem
819 2729 857 2770 ex
873 2706 935 2770 hoc
950 2727 1016 2769 uno
1031 2703 1103 2769 Ioco
1117 2716 1279 2768 memorat

239 2806 413 2874 Bn'ffonius
426 2810 478 2873 De
499 2808 577 2874 Ritu
598 2810 704 2895 Nupt.
720 2830 753 2895 p.
769 2827 844 2894 332.
878 2805 1031 2873 Varronis
1052 2802 1279 2870 sonoritatem

240 2909 371 2976 adhibet
389 2909 576 2975 Macrobius
591 2912 659 2975 Sat.
676 2912 704 2974 I.
722 2925 782 2995 15:
810 2908 942 2974 Verrium
957 2907 1095 2972 Flaccum
1103 2905 1188 2993 juris
1198 2920 1278 2994 pon-

241 3014 264 3077 ti
288 3014 325 3077 cii
340 3012 542 3101 peritiffimum
562 3013 658 3076 dicere
667 3010 792 3099 stilitum
809 3011 899 3098 refert
917 3012 1019 3089 Varro,
1035 3006 1201 3097 quiaferiis
1215 3018 1278 3069 ter·

238 3137 311 3200 gere
336 3125 448 3175 veteres
462 3110 560 3198 foffas
581 3111 690 3189 liceret,
711 3135 801 3179 navas
814 3109 921 3197 facere
937 3112 993 3198 jus
1017 3133 1074 3173 non
1096 3110 1186 3197 effet,·
1215 3107 1280 3171 ideo

241 3212 338 3300 magis
351 3213 452 3277 viduis
465 3238 554 3300 quam
566 3213 732 3299 virginibus
746 3213 862 3276 idoneas
876 3210 1031 3300 effeserias
1044 3213 1087 3275 ad
1099 3211 1276 3275 nubendum.

207 3375 211 3387 „
285 3317 360 3402 289.
381 3317 421 3380 B.
442 3314 510 3404 p5'.]
534 3315 666 3379 Fortuna
688 3315 888 3402 Primigenia,
909 3305 1105 3380 membratur
1128 3313 1276 3399 Inscript.
1341 3381 1347 3390 ,

241 3404 371 3484 Gruter.
394 3418 487 3504 saepe.
526 3418 675 3483 Ciceroni
695 3421 775 3506 Leg.
792 3421 835 3483 Il.
855 3440 906 3485 11.
941 3418 1031 3484 Livio
1045 3418 1204 3482 XXXIV.
1218 3434 1276 3502 53.

237 3532 275 3585 et
301 3518 379 3582 alibi
406 3533 443 3583 ut
475 3533 567 3583 notat
595 3520 889 3586 Drakenborehius.
933 3521 965 3585 A
984 3519 1099 3584 ‘Servio
1129 3517 1278 3583 dedicata

241 3644 330 3710 rege,
341 3620 420 3686 item
437 3635 542 3686 narrat
556 3621 745 3687 Plutarchus
761 3624 812 3687 De
826 3626 958 3688 Fortun.
973 3623 1068 3686 Rom.
1084 3643 1117 3708 p.
1132 3640 1208 3706 322.
1225 3622 1264 3686 F.

285 3714 359 3811 289.
376 3725 416 3788 C.
433 3723 498 3812 alst]
517 3723 622 3789 Aliter
636 3724 745 3789 Livius
757 3726 835 3789 VII.
853 3745 888 3791 2:
904 3725 977 3814 quia
990 3721 1076 3808 hiller
1089 3725 1176 3810 Tuscu
1187 3723 1278 3788 verbo

241 3826 321 3890 ludio
334 3827 506 3905 vocabatur,
523 3850 626 3889 nomen
639 3825 821 3910 histrionibus
835 3826 980 3890 inditum:
995 3827 1074 3892 item
1085 3839 1118 3890 et
1131 3824 1277 3891 indidem

243 3926 389 3994 Valerius
408 3929 499 3992 Max.
515 3928 559 3991 II.
573 3949 606 4010 4,
619 3951 652 4012 4.
688 3928 817 3994 Diverse
837 3931 943 3994 Festus
957 3952 991 4017 p.
1010 3946 1090 4013 174:
1114 3925 1279 4011 Hssriones

243 4030 315 4095 diat
338 4032 415 4118 quod
436 4030 565 4118 primum
589 4055 625 4094 en
646 4030 763 4113 Histria
787 4032 932 4096 venerint.
961 4045 995 4096 et
1021 4030 1157 4095 lsrdorus
1181 4028 1276 4117 Orig.

243 4133 369 4199 XVIII.
385 4132 426 4215 48
440 4133 565 4198 2-diai
586 4147 683 4198 autem
703 4133 859 4218 histriones,
870 4136 940 4218 five
957 4134 1035 4223 quod
1052 4132 1089 4195 ab
1107 4129 1226 4217 Hssria
1243 4131 1281 4195 id

239 4233 382 4322 genurstt
395 4234 557 4298 adduam
566 4236 653 4318 :stoc
666 4233 901 4324 quodperplexas
914 4232 1164 4322 bssoriisfabulas
1178 4231 1280 4320 expri-

175 4422 177 4427 ,
242 4348 362 4418 ament,
375 4339 460 4427 quast
472 4337 642 4422 historiones.
675 4337 842 4425 Lennepio
857 4360 984 4425 quoque
999 4333 1217 4426 Etymologic.
1232 4336 1274 4400 L.
