2714 4770
240 329 304 388 320
384 294 716 371 n.w.nu1n'nnv.
737 310 783 386 ru
804 306 1039 370 inmanem
1059 304 1145 369 un.
1221 395 1224 401 1

80 519 83 538 ,
189 459 192 465 ’
239 470 426 559 praeclaram
450 470 626 536 editionem
640 492 660 535 a
673 470 739 536 viro
758 469 904 558 egregio,
918 469 973 557 qui
988 491 1093 555 nuper
1108 465 1295 532 admodum

207 605 210 613 ·
238 574 339 640 literis
362 573 471 639 nostris
493 574 667 639 immatura
686 586 791 638 morte
812 586 943 660 ereptus
957 572 1013 652 est,
1027 570 1225 636 inchoatam
1240 591 1291 635 rc·

237 674 824 754 lislamesse,vehementerdolemua.
1132 756 1135 761 ⁶

278 777 356 863 548.
371 779 412 842 E.
435 784 473 842 At
487 778 514 840 δῖ
529 782 565 842 ὑπ
591 781 679 865 χεῖρα
692 781 748 853 τοῖς
762 776 948 860 τολμωμίνοις
961 772 1132 840 ἀπαντῶσαι
1153 773 1289 864 τιμωρίαι

235 902 266 945 κ.
286 905 316 945 τ.
339 880 385 965 n]
413 877 466 944 Sic
486 861 569 943 lldd.
588 891 622 943 et
639 877 729 945 MSti
749 899 862 943 omnes
883 878 933 941 ὑπὸ
947 880 1046 964 χεῖρα,
1061 889 1188 964 praeter
1201 875 1289 943 vots.

183 987 224 1049 15
236 980 293 1070 qui
314 985 369 1045 eve
387 984 473 1067 χεῖρα
495 980 604 1062 habet,
624 980 713 1066 quod
735 992 843 1045 tamen
865 975 1026 1044 recentior
1046 999 1169 1043 manus
1184 976 1222 1045 in
1241 974 1288 1041 Η

232 1087 321 1171 χεῖρα
339 1083 487 1148 mutavit.
531 1084 614 1148 Haec
635 1081 734 1148 dictio
755 1080 791 1147 h.
808 1080 831 1146 l.
851 1095 890 1146 ut
905 1080 1063 1167 interpres
1077 1079 1182 1144 etiam
1199 1076 1286 1159 vidit,

222 1184 344 1269 statim,
356 1197 481 1274 promte,
498 1198 611 1252 notare
629 1184 739 1266 debet,
755 1206 951 1272 quamquam
971 1182 1033 1248 hac
1051 1180 1287 1269 significatione

233 1286 383 1352 rariffime
397 1286 549 1353 occurrit.
595 1287 633 1352 ln
649 1287 823 1352 Plutarcho
837 1285 950 1350 saltem
967 1283 1037 1350 bini
1058 1296 1184 1372 praeter
1199 1282 1284 1349 bunc

233 1378 298 1454 loci
313 1390 399 1470 sunt,
413 1391 470 1456 ubi
485 1389 598 1456 eadem
613 1389 745 1477 ponitur
762 1390 936 1476 potestate:
952 1386 1059 1451 Discr.
1072 1385 1141 1451 Ad.
1158 1387 1283 1451 etAm.

233 1512 267 1577 p.
278 1494 334 1577 56.
347 1494 386 1558 B.
401 1497 438 1568 als
450 1495 482 1558 tl
495 1496 582 1582 papiu
595 1494 663 1557 escle
678 1491 750 1556 οὗτοι
764 1495 813 1556 καὶ
826 1496 864 1556 τὰ
877 1493 928 1557 ὑπὸ
937 1493 1025 1576 χεῖρα
1035 1490 1184 1577 βλαβεροὶ
1195 1489 1282 1572 μόνον.

231 1596 388 1674 οῑΑηῐο
403 1589 445 1685 p.
466 1598 561 1663 1028.
583 1597 624 1662 C.
645 1594 689 1661 de
707 1594 949 1662 commentariis
970 1613 1052 1680 quos
1075 1592 1281 1680 conscripfit:

231 1696 377 1785 παρέργως
391 1699 440 1762 καὶ
454 1700 529 1787 Siai
541 1702 628 1785 χεῖρα
641 1701 685 1762 διὰ
698 1705 753 1762 τῶν
767 1695 952 1784 ἓτιτυχὸντων
965 1694 1119 1776 ὀνομάτων.
1159 1695 1281 1760 Eadem

231 1799 315 1865 ratio
336 1801 380 1865 est
401 1801 434 1865 in
457 1805 484 1865 ie
503 1802 589 1888 χερσὶ
611 1811 644 1865 et
665 1798 794 1884 ὑπόγυος,
817 1822 890 1887 quae
913 1795 1093 1884 significant
1111 1795 1150 1859 id
1160 1798 1282 1886 quodie

231 1902 379 1984 manibm,
389 1905 523 1993 praesens
537 1903 585 1990 est.
631 1902 684 1967 Sic
707 1899 816 1966 Latini
838 1900 952 1965 dicunt
962 1898 1025 1985 sub
1043 1921 1140 1972 mauu
1164 1892 1284 1988 vel'sab

231 2028 366 2070 manum.
410 2007 533 2072 Seneca
554 2009 616 2091 Ep.
641 2021 694 2089 71.
716 2003 866 2090 eoefilium
877 2001 939 2089 sub
955 2021 1070 2080 monu,·
1083 2001 1171 2088 quod
1186 2003 1282 2083 aaut,

229 2108 383 2194 rmscatur.
427 2112 562 2175 Sueton.
587 2108 678 2195 Aug.
701 2127 756 2191 49.
781 2129 839 2195 quo
864 2102 996 2169 celeriter
1021 2127 1056 2166 ae
1068 2103 1136 2190 sub
1164 2130 1283 2171 marm

230 2211 410 2275 annunciari
430 2211 617 2299 cognoscique
636 2210 733 2299 pofflt.
756 2209 813 2274 ubi
835 2210 988 2274 Graecum
1010 2205 1155 2295 ὑπογυίως
1177 2222 1215 2273 et
1235 2210 1282 2273 tiri

227 2316 317 2400 χεῖρα
343 2313 539 2399 comparavit
565 2314 604 2378 ls.
631 2312 812 2377 Casaubon.
825 2313 942 2376 -Pro
970 2308 1165 2392 compium
1196 2311 1281 2378 Coll.

229 2413 358 2478 Schott.
374 2427 408 2478 et
422 2415 531 2502 Marg.
550 2414 634 2479 Cod.
651 2413 808 2502 Xylandr.
821 2413 944 2479 habent
956 2411 1127 2497 γενομένοις.

271 2517 347 2600 548.
363 2517 403 2580 Ε.
428 2514 731 2603 Ἀριστοκράτους-ὃς
747 2516 858 2603 προδοὺς
878 2519 926 2593 τὴν
942 2517 985 2578 let
1007 2514 1112 2601 Κύπρῳ
1128 2512 1235 2603 μάχην
1255 2544 1282 2581 κ.

227 2648 258 2688 r.
279 2623 324 2708 λ.]
350 2621 432 2687 Belli
450 2622 636 2688 Messeniaci
658 2622 788 2689 secundi
803 2645 889 2687 anno
907 2621 1019 2699 altero,
1036 2621 1283 2687 lacedaemonii

227 2723 436 2803 aMesseniis,
459 2722 542 2789 duce
565 2725 777 2802 Aristomene,
793 2723 959 2787 fortissimo
978 2720 1057 2801 viro,
1076 2723 1177 2808 gravi
1193 2724 1284 2790 clade

226 2824 346 2891 adsedi
363 2827 437 2891 sunt
458 2829 501 2890 stri
517 2832 558 2913 τῷ
578 2826 739 2913 καλουμένῳ
754 2827 869 2913 Κάπρου
883 2826 1001 2908 σήματι.
1027 2871 1029 2874 <
1049 2825 1181 2891 Verum
1197 2849 1285 2895 anno

226 2927 378 3014 sequente
400 2928 433 2992 in
456 2950 568 3016 pugna
590 2927 632 2993 ad
656 2928 786 3016 μεγάλην
810 2929 913 3016 τάφρον
938 2926 1088 2991 Messenii
1114 2929 1247 3015 proditi
1268 2954 1287 2996 a

225 3029 311 3095 socio
330 3030 560 3109 hAristocrate,
576 3030 726 3095 Arcadiae
740 3052 829 3119 rege,
845 3013 898 3094 cui
912 3051 1032 3117 magna
1046 3027 1165 3095 oblata
1180 3053 1285 3119 pecu-

225 3129 279 3194 nia
289 3131 528 3196 Lacedaemonii
543 3132 772 3219 persuaserant,
786 3144 824 3196 ut
838 3153 906 3211 eos,
918 3153 994 3196 cum
1009 3129 1050 3195 ad
1066 3152 1192 3198 manua
1207 3158 1287 3201 ven·

225 3243 297 3296 tum
315 3232 404 3313 esset,
429 3255 505 3299 cum
528 3233 591 3298 suis
613 3233 712 3319 copiis
734 3234 903 3313 desereret,
929 3231 1159 3299 internecione
1182 3235 1288 3303 deleti

223 3332 307 3397 sunt.
354 3337 535 3422 Postquam
550 3335 674 3401 cladem
690 3336 864 3401 undecimo
878 3357 963 3400 anno
978 3334 1140 3400 ultimum
1157 3338 1287 3406 Messe·

223 3433 351 3500 nicrum
380 3438 558 3525 praesrdium
589 3440 670 3504 Hira
696 3453 918 3526 expugnatum
942 3439 1002 3510 est;
1033 3459 1148 3523 neque
1175 3442 1289 3508 multo

222 3537 291 3622 post
316 3539 525 3605 Aristocraten
549 3540 710 3628 lapidibus
732 3542 869 3607 obrutus
891 3540 1023 3604 interiit.
1068 3539 1129 3604 Sic
1151 3542 1290 3625 unicus,

222 3637 278 3724 qui
305 3639 421 3706 harum
451 3648 559 3707 rerum
588 3644 726 3732 superest
752 3643 898 3730 scriptor,
924 3640 1068 3728 prodidit
1101 3642 1290 3714 Pausanias

122 3862 124 3866 Α
253 3796 266 3835 3
284 3795 311 3841 F.
328 3797 362 3842 cst
379 3812 427 3842 cum
443 3805 558 3857 occupatus
575 3793 626 3859 effi!
641 3812 717 3852 manu,
769 3809 813 3843 um
826 3797 913 3844 habuit
924 3795 1122 3857 Aristodemum,
1135 3800 1225 3853 filiam
1237 3804 1291 3854 Eni-

219 3874 272 3924 i.e.
289 3875 354 3923 bello.
376 3876 447 3924 Philo
460 3877 517 3924 Jud.
532 3876 571 3924 De
588 3875 718 3924 Monarch.
769 3880 900 3939 nheniarn,
921 3895 978 3941 quae
997 3880 1075 3927 Procli
1099 3883 1232 3946 Epidauri
1252 3900 1291 3952 ey.

220 3957 414 4018 insieme
424 3953 718 4023 meledunense-renelm-
768 3976 846 4009 ranno
867 3962 958 4023 nupsit,
981 3963 1047 4010 unde
1069 3974 1134 4012 nata
1158 3969 1291 4031 Lyfidas.

219 4035 326 4102 messene
349 4037 392 4091 cde
414 4038 528 4105 «apagite.
562 4040 644 4088 Planc-
673 4039 717 4102 Ep.
768 4033 873 4097 Melissa,
883 4041 1002 4090 Periandri
1016 4057 1089 4091 uxor·
1108 4045 1194 4112 Dlog.
1209 4052 1293 4101 ῑιὶη.

218 4119 275 4167 Div.
288 4119 318 4166 x.
332 4129 372 4168 no.
768 4119 789 4167 Ι.
801 4131 841 4172 94.
858 4135 890 4168 cx
906 4121 1034 4169 Heraclide
1047 4123 1123 4174 Pont.
1136 4141 1169 4179 ut
1179 4133 1292 4184 videtur.

249 4195 263 4230 ἱ
278 4194 462 4261 Ἀριστοκράτης
479 4197 582 4263 remia.
616 4200 717 4246 Pausan.
768 4202 840 4252 Cons.
853 4203 936 4266 Polyb.
949 4204 991 4253 lV.
1003 4213 1045 4255 ³3·

217 4277 261 4324 lv.
272 4288 313 4328 aa.
325 4292 349 4340 p.
360 4287 417 4327 aaa.
430 4281 474 4328 tin.
503 4281 657 4330 Aristocraten
668 4280 715 4327 fili-
